Fecha de Operación,Fecha,Referencia,Descripcion,Cod. Transac,Sucursal,Depósitos,Retiros,Saldo,Movimiento,Descripción Detallada
28/02/2015,02/03/2015,0,DEP.EFECTIVO 108204051,0,188,"$2,272.00",,"$179,783.86",7824,
28/02/2015,02/03/2015,0,DEP.EFECTIVO 1209130556,0,1536,"$1,368.50",,"$181,152.36",7825,
28/02/2015,02/03/2015,0,DEP.EFECTIVO 1209130493,0,1536,"$1,594.50",,"$182,746.86",7826,
28/02/2015,02/03/2015,0,DEP.EFECTIVO 133448053,0,2460,"$3,189.50",,"$185,936.36",7827,
28/02/2015,02/03/2015,0,DEP.EFECTIVO 13807059,0,2605,"$4,158.00",,"$190,094.36",7828,
28/02/2015,02/03/2015,0,DEP.EFECTIVO 111024058,0,1490,"$1,482.00",,"$191,576.36",7829,
28/02/2015,02/03/2015,0,DEP.EFECTIVO 96901056,0,2043,"$2,084.50",,"$193,660.86",7830,
28/02/2015,02/03/2015,0,DEP.EFECTIVO 116501057,0,1424,"$2,691.00",,"$196,351.86",7831,
28/02/2015,02/03/2015,0,DEP.EFECTIVO 117513054,0,1566,"$3,290.50",,"$199,642.36",7832,
02/03/2015,02/03/2015,0,DEP.EFECTIVO 122701065,0,2325,$638.50,,"$200,280.86",7833,
02/03/2015,02/03/2015,0,DEP.EFECTIVO 122701073,0,2325,$927.50,,"$201,208.36",7834,
02/03/2015,02/03/2015,0,DEP.EFECTIVO 122701057,0,2325,"$1,905.50",,"$203,113.86",7835,
02/03/2015,02/03/2015,0,DEP.EFECTIVO 13807067,0,2605,"$2,169.50",,"$205,283.36",7836,
02/03/2015,02/03/2015,0,DEP.EFECTIVO 138070705,0,2605,"$1,282.50",,"$206,565.86",7837,
02/03/2015,02/03/2015,0,DEP.EFECTIVO 133448079,0,2460,$774.00,,"$207,339.86",7838,
02/03/2015,02/03/2015,0,DEP.EFECTIVO 133448061,0,2460,"$2,640.50",,"$209,980.36",7839,
02/03/2015,02/03/2015,200,TRASPASO A CUENTA PROPIA,790,8846,,"$209,980.35",$0.01,7840,"IVA:00000000.00 , A LA CUENTA 0136679699, 200 AL R.F.C. FTI9211036K2"
02/03/2015,02/03/2015,0,DEP.EFECTIVO 120501057,0,2325,"$2,618.50",,"$2,618.51",7841,
02/03/2015,02/03/2015,0,DEP.EFECTIVO 120501065,0,2325,"$2,903.50",,"$5,522.01",7842,
02/03/2015,02/03/2015,0,DEP.EFECTIVO 094301057,0,1938,"$2,865.00",,"$8,387.01",7843,
02/03/2015,02/03/2015,0,DEP.EFECTIVO 120501073,0,2325,"$1,557.00",,"$9,944.01",7844,
02/03/2015,02/03/2015,0,DEP.EFECTIVO 094301065,0,1938,"$2,926.30",,"$12,870.31",7845,
02/03/2015,02/03/2015,0,DEP.EFECTIVO 094301073,0,1938,"$1,556.50",,"$14,426.81",7846,
02/03/2015,02/03/2015,0,DEP.EFECTIVO 121201050,0,275,"$1,901.50",,"$16,328.31",7847,
02/03/2015,02/03/2015,0,DEP.EFECTIVO 121201068,0,275,"$1,327.80",,"$17,656.11",7848,
02/03/2015,02/03/2015,0,DEP.EFECTIVO 121201076,0,275,$540.00,,"$18,196.11",7849,
02/03/2015,02/03/2015,0,DEP.EFECTIVO 102101063,0,706,"$2,683.40",,"$20,879.51",7850,
02/03/2015,02/03/2015,0,DEP.EFECTIVO 102101055,0,706,"$3,202.00",,"$24,081.51",7851,
02/03/2015,02/03/2015,0,DEP.EFECTIVO 141601057,0,1938,"$1,895.00",,"$25,976.51",7852,
02/03/2015,02/03/2015,0,DEP.EFECTIVO 102101071,0,706,"$1,162.50",,"$27,139.01",7853,
02/03/2015,02/03/2015,0,DEP.EFECTIVO 141601073,0,1938,"$1,064.50",,"$28,203.51",7854,
02/03/2015,02/03/2015,0,DEP.EFECTIVO 141601065,0,1938,"$1,134.00",,"$29,337.51",7855,
02/03/2015,02/03/2015,0,DEP.EFECTIVO 041201057,0,2325,"$4,220.00",,"$33,557.51",7856,
02/03/2015,02/03/2015,0,DEP.EFECTIVO,0,2325,"$4,058.00",,"$37,615.51",7857,
02/03/2015,02/03/2015,0,DEP.EFECTIVO 041201073,0,2325,"$1,524.50",,"$39,140.01",7858,
02/03/2015,02/03/2015,0,DEP.EFECTIVO 110501057,0,8014,"$3,961.50",,"$43,101.51",7859,
02/03/2015,02/03/2015,0,DEP.EFECTIVO 110501065,0,8014,"$2,465.50",,"$45,567.01",7860,
02/03/2015,02/03/2015,0,ANUL.DEP.EFECTIVO,501,2325,,"$4,058.00","$41,509.01",7861,
02/03/2015,02/03/2015,0,DEP.EFECTIVO,0,2325,"$4,058.00",,"$45,567.01",7862,
02/03/2015,02/03/2015,0,DEP.EFECTIVO 110501073,0,8014,"$1,017.50",,"$46,584.51",7863,
02/03/2015,02/03/2015,0,DEP.EFECTIVO 126301073,0,464,"$3,491.00",,"$50,075.51",7864,
02/03/2015,02/03/2015,0,ANUL.DEP.EFECTIVO,501,2325,,"$4,058.00","$46,017.51",7865,
02/03/2015,02/03/2015,0,DEP.EFECTIVO 041201065,0,2325,"$4,058.00",,"$50,075.51",7866,
02/03/2015,02/03/2015,0,DEP.EFECTIVO 126301065,0,464,"$2,431.00",,"$52,506.51",7867,
02/03/2015,02/03/2015,0,DEP.EFECTIVO 126301057,0,464,"$2,374.50",,"$54,881.01",7868,
02/03/2015,02/03/2015,0,DEP.EFECTIVO 111501055,0,2290,"$3,499.10",,"$58,380.11",7869,
02/03/2015,02/03/2015,0,DEP.EFECTIVO 111501063,0,2290,"$3,116.40",,"$61,496.51",7870,
02/03/2015,02/03/2015,0,DEP.EFECTIVO 131801071,0,2102,"$2,449.50",,"$63,946.01",7871,
02/03/2015,02/03/2015,0,DEP.EFECTIVO 131801063,0,2102,"$4,457.50",,"$68,403.51",7872,
02/03/2015,02/03/2015,0,DEP.EFECTIVO 131801055,0,2102,"$4,389.50",,"$72,793.01",7873,
02/03/2015,02/03/2015,0,DEP.EFECTIVO 117101074,0,700,"$1,540.50",,"$74,333.51",7874,
02/03/2015,02/03/2015,0,DEP.EFECTIVO 108204069,0,188,"$2,706.50",,"$77,040.01",7875,
02/03/2015,02/03/2015,0,DEP.EFECTIVO 117101066,0,700,"$2,803.50",,"$79,843.51",7876,
02/03/2015,02/03/2015,0,DEP.EFECTIVO 108204077,0,188,"$1,067.50",,"$80,911.01",7877,
02/03/2015,02/03/2015,0,DEP.EFECTIVO 117101058,0,700,"$2,775.10",,"$83,686.11",7878,
02/03/2015,02/03/2015,0,DEP.EFECTIVO 107701065,0,2113,"$2,321.00",,"$86,007.11",7879,
02/03/2015,02/03/2015,0,DEP.EFECTIVO 107701057,0,2113,"$1,336.00",,"$87,343.11",7880,
02/03/2015,02/03/2015,0,DEP.EFECTIVO 117901077,0,2067,"$1,023.00",,"$88,366.11",7881,
02/03/2015,02/03/2015,0,DEP.EFECTIVO 107701073,0,2113,"$3,498.00",,"$91,864.11",7882,
02/03/2015,02/03/2015,0,DEP.EFECTIVO 117901051,0,2067,"$1,488.50",,"$93,352.61",7883,
02/03/2015,02/03/2015,0,DEP.EFECTIVO 111024066,0,2605,$588.07,,"$93,940.68",7884,
02/03/2015,02/03/2015,0,DEP.EFECTIVO 117901069,0,2067,"$1,956.50",,"$95,897.18",7885,
02/03/2015,02/03/2015,0,DEP.EFECTIVO 111024074,0,2605,$866.50,,"$96,763.68",7886,
02/03/2015,02/03/2015,0,DEP.EFECTIVO 123501077,0,2104,"$1,531.50",,"$98,295.18",7887,
02/03/2015,02/03/2015,0,DEP.EFECTIVO 123501069,0,2104,"$1,648.00",,"$99,943.18",7888,
02/03/2015,02/03/2015,0,DEP.EFECTIVO 123501051,0,2104,"$1,008.50",,"$100,951.68",7889,
02/03/2015,02/03/2015,0,DEP.EFECTIVO 124901052,0,2104,"$3,235.00",,"$104,186.68",7890,
02/03/2015,02/03/2015,0,DEP.EFECTIVO 124901078,0,2104,"$1,808.00",,"$105,994.68",7891,
02/03/2015,02/03/2015,0,DEP.EFECTIVO 124901060,0,2104,"$2,349.00",,"$108,343.68",7892,
02/03/2015,02/03/2015,0,DEP.EFECTIVO 1209130619,0,1536,"$1,397.00",,"$109,740.68",7893,
02/03/2015,02/03/2015,0,DEP.EFECTIVO 1209130779,0,1536,"$1,418.50",,"$111,159.18",7894,
02/03/2015,02/03/2015,0,DEP.EFECTIVO 102914077,0,8015,"$2,041.50",,"$113,200.68",7895,
02/03/2015,02/03/2015,0,DEP.EFECTIVO 102914051,0,8015,"$1,298.50",,"$114,499.18",7896,
02/03/2015,02/03/2015,0,DEP.EFECTIVO 102914069,0,8015,"$1,033.58",,"$115,532.76",7897,
02/03/2015,02/03/2015,0,DEP.EFECTIVO 141001076,0,2009,"$1,389.00",,"$116,921.76",7898,
02/03/2015,02/03/2015,0,DEP.EFECTIVO 141001050,0,2009,"$1,908.00",,"$118,829.76",7899,
02/03/2015,02/03/2015,0,DEP.EFECTIVO 141001068,0,2009,"$2,078.50",,"$120,908.26",7900,
02/03/2015,02/03/2015,0,DEP.EFECTIVO 117513062,0,1508,"$3,879.00",,"$124,787.26",7901,
02/03/2015,02/03/2015,0,DEP.EFECTIVO 117513062,0,1508,"$2,273.00",,"$127,060.26",7902,
02/03/2015,02/03/2015,0,DEP.EFECTIVO 123601075,0,2306,$754.50,,"$127,814.76",7903,
02/03/2015,02/03/2015,0,DEP.EFECTIVO 123601067,0,2306,"$1,005.20",,"$128,819.96",7904,
02/03/2015,02/03/2015,0,DEP.EFECTIVO 123601059,0,2306,$447.50,,"$129,267.46",7905,
02/03/2015,02/03/2015,0,DEP.EFECTIVO 116501073,0,1424,"$1,489.00",,"$130,756.46",7906,
02/03/2015,02/03/2015,0,DEP.EFECTIVO,0,1424,"$4,452.00",,"$135,208.46",7907,
02/03/2015,02/03/2015,0,DEP.EFECTIVO 1282030639,0,3190,"$1,006.50",,"$136,214.96",7908,
02/03/2015,02/03/2015,0,DEP.EFECTIVO 1282030799,0,3190,"$1,650.50",,"$137,865.46",7909,
02/03/2015,02/03/2015,0,DEP.EFECTIVO 124601066,0,116,"$4,344.00",,"$142,209.46",7910,
02/03/2015,02/03/2015,0,DEP.EFECTIVO 1282030576,0,3190,$985.00,,"$143,194.46",7911,
02/03/2015,02/03/2015,0,DEP.EFECTIVO 124601074,0,116,"$1,468.50",,"$144,662.96",7912,
02/03/2015,02/03/2015,0,DEP.EFECTIVO 124601058,0,116,"$3,860.50",,"$148,523.46",7913,
02/03/2015,02/03/2015,0,DEP.EFECTIVO 115901053,0,8013,"$2,280.00",,"$150,803.46",7914,
02/03/2015,02/03/2015,0,DEP.EFECTIVO 115901061,0,8013,$675.50,,"$151,478.96",7915,
02/03/2015,02/03/2015,0,DEP.EFECTIVO 99213053,0,648,"$3,479.00",,"$154,957.96",7916,
02/03/2015,02/03/2015,0,DEP.EFECTIVO 99213061,0,648,"$2,181.50",,"$157,139.46",7917,
02/03/2015,02/03/2015,0,DEP.EFECTIVO 99213079,0,648,"$1,618.00",,"$158,757.46",7918,
02/03/2015,02/03/2015,0,DEP.EFECTIVO 33402074,0,52,"$1,770.30",,"$160,527.76",7919,
02/03/2015,02/03/2015,0,DEP.EFECTIVO 113201050,0,1189,"$2,138.00",,"$162,665.76",7920,
02/03/2015,02/03/2015,0,DEP.EFECTIVO 137001056,0,451,"$1,389.50",,"$164,055.26",7921,
02/03/2015,02/03/2015,0,DEP.EFECTIVO 33402058,0,52,"$2,530.00",,"$166,585.26",7922,
02/03/2015,02/03/2015,0,DEP.EFECTIVO 113201068,0,1189,"$3,801.00",,"$170,386.26",7923,
02/03/2015,02/03/2015,0,DEP.EFECTIVO 137001064,0,451,$721.50,,"$171,107.76",7924,
02/03/2015,02/03/2015,0,DEP.EFECTIVO 33402066,0,52,"$4,307.00",,"$175,414.76",7925,
02/03/2015,02/03/2015,0,DEP.EFECTIVO 113201076,0,1189,"$2,103.50",,"$177,518.26",7926,
02/03/2015,02/03/2015,0,DEP.EFECTIVO 137001072,0,451,$354.50,,"$177,872.76",7927,
02/03/2015,02/03/2015,0,DEP.EFECTIVO 118701073,0,2314,"$2,502.50",,"$180,375.26",7928,
02/03/2015,02/03/2015,0,DEP.EFECTIVO 118701065,0,2314,"$2,415.68",,"$182,790.94",7929,
02/03/2015,02/03/2015,0,DEP.EFECTIVO 118701057,0,2314,"$3,191.00",,"$185,981.94",7930,
02/03/2015,02/03/2015,0,DEP.EFECTIVO 11240107,0,8701,$856.50,,"$186,838.44",7931,
02/03/2015,02/03/2015,0,DEP.EFECTIVO 098301073,0,2314,"$3,216.00",,"$190,054.44",7932,
02/03/2015,02/03/2015,0,ANUL.DEP.EFECTIVO,501,1424,,"$4,452.00","$185,602.44",7933,
02/03/2015,02/03/2015,0,DEP.EFECTIVO 112401065,0,8701,$888.30,,"$186,490.74",7934,
02/03/2015,02/03/2015,0,DEP.EFECTIVO 098301057,0,2314,"$3,661.00",,"$190,151.74",7935,
02/03/2015,02/03/2015,0,DEP.EFECTIVO 116501065,0,1424,"$4,452.00",,"$194,603.74",7936,
02/03/2015,02/03/2015,0,DEP.EFECTIVO 112401057,0,8701,"$1,055.50",,"$195,659.24",7937,
02/03/2015,02/03/2015,0,DEP.EFECTIVO 098301065,0,2314,"$3,759.44",,"$199,418.68",7938,
02/03/2015,02/03/2015,0,DEP.EFECTIVO 34602052,0,52,"$2,409.90",,"$201,828.58",7939,
02/03/2015,02/03/2015,0,DEP.EFECTIVO 34602060,0,52,"$1,179.10",,"$203,007.68",7940,
02/03/2015,02/03/2015,0,DEP.EFECTIVO 34602078,0,52,"$1,101.00",,"$204,108.68",7941,
02/03/2015,02/03/2015,0,DEP.EFECTIVO 92508079,0,3630,"$4,417.00",,"$208,525.68",7942,
02/03/2015,02/03/2015,0,DEP.EFECTIVO 92508053,0,3630,"$6,466.00",,"$214,991.68",7943,
02/03/2015,02/03/2015,0,DEP.EFECTIVO 35102052,0,52,"$2,259.00",,"$217,250.68",7944,
02/03/2015,02/03/2015,0,DEP.EFECTIVO 92508061,0,3630,"$4,476.45",,"$221,727.13",7945,
02/03/2015,02/03/2015,0,DEP.EFECTIVO 35102060,0,52,"$2,363.03",,"$224,090.16",7946,
02/03/2015,02/03/2015,0,DEP.EFECTIVO 35102078,0,52,"$2,422.50",,"$226,512.66",7947,
02/03/2015,02/03/2015,0,DEP.EFECTIVO 119101057,0,2126,"$1,764.00",,"$228,276.66",7948,
02/03/2015,02/03/2015,0,DEP.EFECTIVO 119101073,0,2126,"$1,131.50",,"$229,408.16",7949,
02/03/2015,03/03/2015,0,CHQ.LOCAL 016321 35102052,6,52,$130.00,,"$229,538.16",7950,BCO :0044 CTA. 0014504659449 NO.CHEQUE 0000016321
02/03/2015,02/03/2015,0,DEP.EFECTIVO 119101065,0,2126,"$2,016.00",,"$231,554.16",7951,
02/03/2015,02/03/2015,0,DEP.EFECTIVO 98001038,0,1477,"$2,861.00",,"$234,415.16",7952,
02/03/2015,02/03/2015,0,DEP.EFECTIVO 98001053,0,1477,"$2,481.00",,"$236,896.16",7953,
02/03/2015,02/03/2015,0,DEP.EFECTIVO 98001020,0,1477,"$2,058.50",,"$238,954.66",7954,
02/03/2015,02/03/2015,0,DEP.EFECTIVO 98001046,0,1477,"$2,430.50",,"$241,385.16",7955,
02/03/2015,02/03/2015,0,DEP.EFECTIVO 98001012,0,1477,"$2,312.50",,"$243,697.66",7956,
02/03/2015,02/03/2015,0,DEP.EFECTIVO 98001061,0,1477,"$1,949.50",,"$245,647.16",7957,
02/03/2015,02/03/2015,0,DEP.EFECTIVO 121701059,0,831,$957.00,,"$246,604.16",7958,
02/03/2015,02/03/2015,0,DEP.EFECTIVO 121701067,0,831,$317.25,,"$246,921.41",7959,
02/03/2015,02/03/2015,0,DEP.EFECTIVO 121701075,0,831,"$1,076.00",,"$247,997.41",7960,
02/03/2015,02/03/2015,0,DEP.EFECTIVO 124301071,0,1474,"$2,303.00",,"$250,300.41",7961,
02/03/2015,02/03/2015,0,DEP.EFECTIVO 099301024,0,688,$20.00,,"$250,320.41",7962,
02/03/2015,02/03/2015,0,DEP.EFECTIVO 124301063,0,1474,"$2,515.50",,"$252,835.91",7963,
02/03/2015,02/03/2015,0,DEP.EFECTIVO 124301055,0,1474,"$2,155.00",,"$254,990.91",7964,
02/03/2015,02/03/2015,0,DEP.EFECTIVO 104901072,0,463,"$1,452.00",,"$256,442.91",7965,
02/03/2015,02/03/2015,0,DEP.EFECTIVO 133301070,0,3,"$1,528.50",,"$257,971.41",7966,
02/03/2015,02/03/2015,0,DEP.EFECTIVO 102210054,0,8114,"$2,824.50",,"$260,795.91",7967,
02/03/2015,02/03/2015,0,DEP.EFECTIVO 104901056,0,463,"$2,938.50",,"$263,734.41",7968,
02/03/2015,02/03/2015,0,DEP.EFECTIVO 133301062,0,3,"$2,071.50",,"$265,805.91",7969,
02/03/2015,02/03/2015,0,DEP.EFECTIVO 104901064,0,463,"$2,123.50",,"$267,929.41",7970,
02/03/2015,02/03/2015,0,DEP.EFECTIVO 102210070,0,8114,$959.50,,"$268,888.91",7971,
02/03/2015,02/03/2015,0,DEP.EFECTIVO 133301054,0,3,"$1,283.50",,"$270,172.41",7972,
02/03/2015,02/03/2015,0,DEP.EFECTIVO 102210062,0,8114,"$2,884.00",,"$273,056.41",7973,
02/03/2015,02/03/2015,0,DEP.EFECTIVO 119301073,0,1508,$967.00,,"$274,023.41",7974,
02/03/2015,02/03/2015,0,DEP.EFECTIVO 119301065,0,1508,"$3,021.10",,"$277,044.51",7975,
02/03/2015,02/03/2015,0,DEP.EFECTIVO 133201056,0,2183,"$2,189.50",,"$279,234.01",7976,
02/03/2015,02/03/2015,0,DEP.EFECTIVO,0,1508,$902.50,,"$280,136.51",7977,
02/03/2015,02/03/2015,0,DEP.EFECTIVO 133201064,0,2183,$689.00,,"$280,825.51",7978,
02/03/2015,02/03/2015,0,DEP.EFECTIVO 133201072,0,2183,$718.50,,"$281,544.01",7979,
02/03/2015,02/03/2015,0,ANUL.DEP.EFECTIVO,501,1508,,$902.50,"$280,641.51",7980,
02/03/2015,02/03/2015,0,DEP.EFECTIVO 119301057,0,1508,$902.50,,"$281,544.01",7981,
02/03/2015,02/03/2015,0,DEP.EFECTIVO 1114130550,0,1974,"$2,399.50",,"$283,943.51",7982,
02/03/2015,02/03/2015,0,DEP.EFECTIVO 106414074,0,8014,"$1,408.00",,"$285,351.51",7983,
02/03/2015,02/03/2015,0,DEP.EFECTIVO 1114130487,0,1974,"$2,825.50",,"$288,177.01",7984,
02/03/2015,02/03/2015,0,DEP.EFECTIVO 1114130613,0,1974,"$2,358.00",,"$290,535.01",7985,
02/03/2015,02/03/2015,0,DEP.EFECTIVO 106414058,0,8014,"$2,948.00",,"$293,483.01",7986,
02/03/2015,02/03/2015,0,DEP.EFECTIVO 1114130773,0,1974,"$2,980.50",,"$296,463.51",7987,
02/03/2015,02/03/2015,0,DEP.EFECTIVO 106414066,0,8014,"$3,820.00",,"$300,283.51",7988,
02/03/2015,02/03/2015,0,DEP.EFECTIVO 1145300744,0,2552,"$1,246.50",,"$301,530.01",7989,
02/03/2015,02/03/2015,0,DEP.EFECTIVO 1145300681,0,2552,"$1,272.36",,"$302,802.37",7990,
02/03/2015,02/03/2015,0,DEP.EFECTIVO 1145300521,0,2552,"$2,116.50",,"$304,918.87",7991,
02/03/2015,02/03/2015,0,DEP.EFECTIVO 099101015,0,2162,"$4,346.50",,"$309,265.37",7992,
02/03/2015,02/03/2015,0,DEP.EFECTIVO 099101013,0,2162,"$1,671.00",,"$310,936.37",7993,
02/03/2015,02/03/2015,0,DEP.EFECTIVO 099101017,0,2162,"$3,376.00",,"$314,312.37",7994,
02/03/2015,02/03/2015,0,DEP.EFECTIVO 91402050,0,727,"$1,689.10",,"$316,001.47",7995,
02/03/2015,02/03/2015,0,DEP.EFECTIVO 91402068,0,727,$267.20,,"$316,268.67",7996,
02/03/2015,02/03/2015,0,DEP.EFECTIVO 093001057,0,691,"$4,276.50",,"$320,545.17",7997,
02/03/2015,02/03/2015,0,DEP.EFECTIVO 129201017,0,295,"$1,614.50",,"$322,159.67",7998,
02/03/2015,02/03/2015,0,DEP.EFECTIVO 91402076,0,727,"$2,734.60",,"$324,894.27",7999,
02/03/2015,02/03/2015,0,DEP.EFECTIVO 129201013,0,295,"$1,497.50",,"$326,391.77",8000,
02/03/2015,02/03/2015,0,DEP.EFECTIVO 093001065,0,691,"$3,858.50",,"$330,250.27",8001,
02/03/2015,02/03/2015,0,DEP.EFECTIVO 129201015,0,295,"$3,009.00",,"$333,259.27",8002,
02/03/2015,02/03/2015,0,DEP.EFECTIVO 093001073,0,691,"$3,417.50",,"$336,676.77",8003,
02/03/2015,02/03/2015,0,DEP.EFECTIVO 95401057,0,295,"$1,195.50",,"$337,872.27",8004,
02/03/2015,02/03/2015,0,DEP.EFECTIVO 96901064,0,2043,"$3,278.50",,"$341,150.77",8005,
02/03/2015,02/03/2015,0,DEP.EFECTIVO 095401065,0,295,"$2,122.50",,"$343,273.27",8006,
02/03/2015,02/03/2015,0,DEP.EFECTIVO 96901072,0,2043,"$2,334.50",,"$345,607.77",8007,
02/03/2015,02/03/2015,0,DEP.EFECTIVO 095401073,0,295,"$1,067.00",,"$346,674.77",8008,
02/03/2015,02/03/2015,0,DEP.EFECTIVO 101333063,0,3682,"$1,909.05",,"$348,583.82",8009,
02/03/2015,02/03/2015,0,DEP.EFECTIVO 119613050,0,7726,"$1,282.75",,"$349,866.57",8010,
02/03/2015,02/03/2015,0,DEP.EFECTIVO 101333055,0,3682,"$4,062.50",,"$353,929.07",8011,
02/03/2015,02/03/2015,0,DEP.EFECTIVO 122201015,0,2069,"$2,214.00",,"$356,143.07",8012,
02/03/2015,02/03/2015,0,DEP.EFECTIVO 121801057,0,2162,"$1,398.00",,"$357,541.07",8013,
02/03/2015,02/03/2015,0,DEP.EFECTIVO 119613068,0,7726,"$2,444.50",,"$359,985.57",8014,
02/03/2015,02/03/2015,0,DEP.EFECTIVO 101333071,0,3682,"$2,578.50",,"$362,564.07",8015,
02/03/2015,02/03/2015,0,DEP.EFECTIVO 104727060,0,3705,"$1,992.50",,"$364,556.57",8016,
02/03/2015,02/03/2015,0,DEP.EFECTIVO 122201017,0,2069,"$1,768.00",,"$366,324.57",8017,
02/03/2015,02/03/2015,0,DEP.EFECTIVO 121801065,0,2162,$799.54,,"$367,124.11",8018,
02/03/2015,02/03/2015,0,DEP.EFECTIVO 104727052,0,3705,"$3,085.50",,"$370,209.61",8019,
02/03/2015,02/03/2015,0,DEP.EFECTIVO 122201013,0,2069,"$2,634.00",,"$372,843.61",8020,
02/03/2015,02/03/2015,0,DEP.EFECTIVO 121801073,0,2162,$797.00,,"$373,640.61",8021,
02/03/2015,02/03/2015,0,DEP.EFECTIVO 104727078,0,3705,"$1,486.00",,"$375,126.61",8022,
02/03/2015,02/03/2015,0,DEP.EFECTIVO 1000300503,0,2552,"$1,565.00",,"$376,691.61",8023,
02/03/2015,02/03/2015,0,DEP.EFECTIVO 1000300663,0,2552,"$1,506.56",,"$378,198.17",8024,
02/03/2015,02/03/2015,0,DEP.EFECTIVO 1000300726,0,2552,"$1,392.50",,"$379,590.67",8025,
02/03/2015,02/03/2015,0,DEP.EFECTIVO 117001050,0,274,"$2,920.00",,"$382,510.67",8026,
02/03/2015,02/03/2015,0,DEP.EFECTIVO 117001068,0,274,"$1,801.50",,"$384,312.17",8027,
02/03/2015,02/03/2015,0,DEP.EFECTIVO 117001076,0,274,$483.50,,"$384,795.67",8028,
02/03/2015,02/03/2015,0,DEP.EFECTIVO 131013065,0,20,"$2,177.50",,"$386,973.17",8029,
02/03/2015,02/03/2015,0,DEP.EFECTIVO 131013057,0,20,"$2,023.00",,"$388,996.17",8030,
02/03/2015,02/03/2015,0,DEP.EFECTIVO 131013073,0,20,"$1,091.00",,"$390,087.17",8031,
02/03/2015,02/03/2015,0,DEPOSITO DE CUENTA DE TERCEROS,0,4253,$854.10,,"$390,941.27",8032,"DEPOSITO EFECTIVO OFICINA TELECOMM 30035, REFERENCIA CLIENTE 0000000000"
02/03/2015,02/03/2015,0,DEPOSITO DE CUENTA DE TERCEROS,0,4253,"$1,146.00",,"$392,087.27",8033,"DEPOSITO EFECTIVO OFICINA TELECOMM 30035, REFERENCIA CLIENTE 0000000000"
02/03/2015,02/03/2015,0,DEP.EFECTIVO 137601013,0,1470,"$4,652.50",,"$396,739.77",8034,
02/03/2015,02/03/2015,0,DEPOSITO DE CUENTA DE TERCEROS,0,4253,"$1,658.90",,"$398,398.67",8035,"DEPOSITO EFECTIVO OFICINA TELECOMM 30035, REFERENCIA CLIENTE 0000000000"
02/03/2015,02/03/2015,0,DEP.EFECTIVO 137601017,0,1470,"$5,743.00",,"$404,141.67",8036,
02/03/2015,02/03/2015,0,DEP.EFECTIVO 137601015,0,1470,"$4,343.70",,"$408,485.37",8037,
02/03/2015,02/03/2015,0,DEP.EFECTIVO 150401057,0,2043,"$3,334.00",,"$411,819.37",8038,
02/03/2015,02/03/2015,0,DEP.EFECTIVO 150401073,0,2043,$987.50,,"$412,806.87",8039,
02/03/2015,02/03/2015,0,DEP.EFECTIVO 150401065,0,2043,"$1,537.00",,"$414,343.87",8040,
02/03/2015,02/03/2015,0,DEP.EFECTIVO 1090100590,0,8113,"$3,830.40",,"$418,174.27",8041,
02/03/2015,02/03/2015,0,DEP.EFECTIVO 1090100653,0,8113,"$3,513.50",,"$421,687.77",8042,
02/03/2015,02/03/2015,0,DEP.EFECTIVO 1090100716,0,8113,"$1,912.50",,"$423,600.27",8043,
02/03/2015,02/03/2015,0,DEP.EFECTIVO 13160107,0,2162,"$1,881.50",,"$425,481.77",8044,
02/03/2015,02/03/2015,0,DEP.EFECTIVO 13160105,0,2162,"$3,073.50",,"$428,555.27",8045,
02/03/2015,02/03/2015,0,DEP.EFECTIVO 1133010519,0,2043,"$3,981.00",,"$432,536.27",8046,
02/03/2015,02/03/2015,0,DEP.EFECTIVO 1133010679,0,2043,"$2,447.50",,"$434,983.77",8047,
02/03/2015,02/03/2015,0,DEP.EFECTIVO 13160106,0,2162,"$3,160.00",,"$438,143.77",8048,
02/03/2015,02/03/2015,0,DEP.EFECTIVO 1133010742,0,2043,"$3,854.50",,"$441,998.27",8049,
02/03/2015,02/03/2015,0,DEP.EFECTIVO 111501071,0,2290,"$2,808.00",,"$444,806.27",8050,
02/03/2015,02/03/2015,0,ANUL.DEP.EFECTIVO 11751,501,1508,,"$2,273.00","$442,533.27",8051,
02/03/2015,02/03/2015,0,DEP.EFECTIVO 117513070,0,1508,"$2,273.00",,"$444,806.27",8052,
02/03/2015,02/03/2015,0,DEP.EFECTIVO 103409051,0,7450,"$1,749.60",,"$446,555.87",8053,
02/03/2015,02/03/2015,0,DEP.EFECTIVO 103409069,0,7450,$868.01,,"$447,423.88",8054,
02/03/2015,02/03/2015,0,DEP.EFECTIVO 103409077,0,7450,$563.00,,"$447,986.88",8055,
02/03/2015,02/03/2015,0,DEP.EFECTIVO 108301057,0,3682,"$3,685.50",,"$451,672.38",8056,
02/03/2015,02/03/2015,0,DEP.EFECTIVO 108301065,0,3682,$734.10,,"$452,406.48",8057,
02/03/2015,02/03/2015,0,DEP.EFECTIVO 108301073,0,3682,"$1,097.00",,"$453,503.48",8058,
02/03/2015,02/03/2015,0,DEP.EFECTIVO 96824050,0,1490,"$3,123.00",,"$456,626.48",8059,
02/03/2015,02/03/2015,0,DEP.EFECTIVO 96824068,0,1490,"$3,613.00",,"$460,239.48",8060,
02/03/2015,02/03/2015,0,DEP.EFECTIVO 96824076,0,1490,"$1,298.00",,"$461,537.48",8061,
02/03/2015,02/03/2015,0,DEP.EFECTIVO 96824068,0,1490,$55.00,,"$461,592.48",8062,
02/03/2015,02/03/2015,0,DEP.EFECTIVO 133201056,0,2183,$0.10,,"$461,592.58",8063,
02/03/2015,02/03/2015,0,DEP.EFECTIVO 105122055,0,1976,"$1,060.50",,"$462,653.08",8064,
02/03/2015,02/03/2015,0,DEP.EFECTIVO 105122063,0,1976,$626.50,,"$463,279.58",8065,
02/03/2015,02/03/2015,0,DEP.EFECTIVO 105122071,0,1976,"$2,011.00",,"$465,290.58",8066,
03/03/2015,03/03/2015,0,DEP.EFECTIVO 119101016,0,2126,"$2,362.00",,"$467,652.58",8067,
03/03/2015,03/03/2015,200,TRASPASO A CUENTA PROPIA,790,8846,,"$467,522.58",$130.00,8068,"IVA:00000000.00 , A LA CUENTA 0136679699, 200 AL R.F.C. FTI9211036K2"
03/03/2015,03/03/2015,0,DEP.EFECTIVO 102101014,0,706,"$2,356.80",,"$2,486.80",8069,
03/03/2015,03/03/2015,0,DEP.EFECTIVO 110501016,0,8014,"$4,652.50",,"$7,139.30",8070,
03/03/2015,03/03/2015,0,DEP.EFECTIVO 131801014,0,2102,"$4,831.60",,"$11,970.90",8071,
03/03/2015,03/03/2015,0,DEP.EFECTIVO 13807018,0,2605,"$3,879.00",,"$15,849.90",8072,
03/03/2015,03/03/2015,0,DEP.EFECTIVO 133448012,0,2460,"$5,185.00",,"$21,034.90",8073,
03/03/2015,03/03/2015,0,DEP.EFECTIVO 111024017,0,1490,"$1,681.50",,"$22,716.40",8074,
03/03/2015,03/03/2015,0,DEP.EFECTIVO 137601016,0,1470,"$5,884.50",,"$28,600.90",8075,
03/03/2015,03/03/2015,0,DEP.EFECTIVO 117901010,0,2067,"$1,935.50",,"$30,536.40",8076,
03/03/2015,03/03/2015,0,DEP.EFECTIVO 33402017,0,52,"$2,959.50",,"$33,495.90",8077,
03/03/2015,03/03/2015,0,DEP.EFECTIVO 124601074,0,116,"$5,052.00",,"$38,547.90",8078,
03/03/2015,03/03/2015,0,DEP.EFECTIVO 1282030130,0,3190,"$2,319.50",,"$40,867.40",8079,
03/03/2015,03/03/2015,0,DEP.EFECTIVO 35102011,0,52,"$3,003.00",,"$43,870.40",8080,
03/03/2015,03/03/2015,0,DEP.EFECTIVO 1133010170,0,2043,"$3,687.50",,"$47,557.90",8081,
03/03/2015,03/03/2015,0,DEP.EFECTIVO 92508012,0,3630,"$6,191.00",,"$53,748.90",8082,
03/03/2015,03/03/2015,0,DEP.EFECTIVO 119301016,0,1536,"$2,105.50",,"$55,854.40",8083,
03/03/2015,03/03/2015,0,DEP.EFECTIVO 123601018,0,2306,"$1,277.50",,"$57,131.90",8084,
03/03/2015,03/03/2015,0,DEP.EFECTIVO 34602011,0,143,"$2,405.00",,"$59,536.90",8085,
03/03/2015,03/03/2015,0,DEP.EFECTIVO 122201016,0,2069,"$2,189.50",,"$61,726.40",8086,
03/03/2015,03/03/2015,0,DEP.EFECTIVO 098301016,0,2314,"$5,746.50",,"$67,472.90",8087,
03/03/2015,03/03/2015,0,DEP.EFECTIVO 118701016,0,2314,"$3,062.00",,"$70,534.90",8088,
03/03/2015,03/03/2015,0,DEP.EFECTIVO 102914010,0,8015,"$2,555.00",,"$73,089.90",8089,
03/03/2015,03/03/2015,0,DEP.EFECTIVO 106414017,0,8014,"$3,654.00",,"$76,743.90",8090,
03/03/2015,03/03/2015,0,DEP.EFECTIVO 150401016,0,2043,"$4,295.50",,"$81,039.40",8091,
03/03/2015,03/03/2015,0,DEP.EFECTIVO 137001015,0,2049,"$1,231.00",,"$82,270.40",8092,
03/03/2015,03/03/2015,0,DEP.EFECTIVO 133201015,0,2183,"$2,533.50",,"$84,803.90",8093,
03/03/2015,03/03/2015,0,DEP.EFECTIVO 094301016,0,1938,"$2,232.00",,"$87,035.90",8094,
03/03/2015,03/03/2015,0,DEP.EFECTIVO 91402019,0,727,"$3,811.50",,"$90,847.40",8095,
03/03/2015,03/03/2015,0,DEP.EFECTIVO 124301014,0,1474,"$2,880.00",,"$93,727.40",8096,
03/03/2015,03/03/2015,0,DEP.EFECTIVO 117513013,0,1566,"$3,548.00",,"$97,275.40",8097,
03/03/2015,03/03/2015,0,DEP.EFECTIVO 1114130104,0,1974,"$2,959.50",,"$100,234.90",8098,
03/03/2015,03/03/2015,0,DEP.EFECTIVO,0,2331,"$5,215.00",,"$105,449.90",8099,
03/03/2015,03/03/2015,0,DEP.EFECTIVO 093001016,0,691,"$3,293.50",,"$108,743.40",8100,
03/03/2015,03/03/2015,0,DEP.EFECTIVO 121201019,0,275,"$2,049.50",,"$110,792.90",8101,
03/03/2015,03/03/2015,0,DEP.EFECTIVO 041201016,0,1957,"$4,249.50",,"$115,042.40",8102,
03/03/2015,03/03/2015,0,DEP.EFECTIVO 119613076,0,7726,"$1,327.55",,"$116,369.95",8103,
03/03/2015,03/03/2015,0,DEP.EFECTIVO 119613019,0,7726,"$1,399.80",,"$117,769.75",8104,
03/03/2015,03/03/2015,0,DEP.EFECTIVO 96824019,0,716,"$5,598.50",,"$123,368.25",8105,
03/03/2015,03/03/2015,0,DEP.EFECTIVO 122701016,0,1957,"$1,442.50",,"$124,810.75",8106,
03/03/2015,03/03/2015,0,DEP.EFECTIVO 121701018,0,831,"$1,402.50",,"$126,213.25",8107,
03/03/2015,03/03/2015,0,DEP.EFECTIVO 120501016,0,2382,"$4,823.50",,"$131,036.75",8108,
03/03/2015,03/03/2015,0,DEP.EFECTIVO 101333014,0,3682,"$4,640.00",,"$135,676.75",8109,
03/03/2015,03/03/2015,0,DEP.EFECTIVO 104727011,0,3705,"$3,538.00",,"$139,214.75",8110,
03/03/2015,03/03/2015,0,DEP.EFECTIVO 124901011,0,2104,"$3,684.50",,"$142,899.25",8111,
03/03/2015,03/03/2015,0,DEP.EFECTIVO 1000300154,0,2552,"$3,238.50",,"$146,137.75",8112,
03/03/2015,03/03/2015,0,DEP.EFECTIVO,0,464,"$3,352.00",,"$149,489.75",8113,
03/03/2015,03/03/2015,0,DEP.EFECTIVO 1145300172,0,2552,"$2,204.00",,"$151,693.75",8114,
03/03/2015,03/03/2015,0,DEP.EFECTIVO 123501010,0,2104,"$2,949.00",,"$154,642.75",8115,
03/03/2015,03/03/2015,0,DEP.EFECTIVO 141001019,0,116,"$2,401.00",,"$157,043.75",8116,
03/03/2015,03/03/2015,0,ANUL.DEP.EFECTIVO,501,464,,"$3,352.00","$153,691.75",8117,
03/03/2015,03/03/2015,0,DEP.EFECTIVO 116501016,0,1424,"$3,998.50",,"$157,690.25",8118,
03/03/2015,03/03/2015,0,DEP.EFECTIVO 126301016,0,464,"$3,352.00",,"$161,042.25",8119,
03/03/2015,03/03/2015,0,DEPOSITO DE CUENTA DE TERCEROS,0,4253,"$2,181.80",,"$163,224.05",8120,"DEPOSITO EFECTIVO OFICINA TELECOMM 30035, REFERENCIA CLIENTE 0000000000"
03/03/2015,03/03/2015,0,DEP.EFECTIVO 13160101,0,691,"$3,232.50",,"$166,456.55",8121,
03/03/2015,03/03/2015,0,DEP.EFECTIVO 131013016,0,166,$128.30,,"$166,584.85",8122,
03/03/2015,04/03/2015,0,CHQ.LOCAL 007125 131013016,6,166,"$1,347.00",,"$167,931.85",8123,BCO :0044 CTA. 0001005775558 NO.CHEQUE 0000007125
03/03/2015,03/03/2015,0,DEP.EFECTIVO 108204010,0,188,"$1,783.00",,"$169,714.85",8124,
03/03/2015,03/03/2015,0,DEP.EFECTIVO 129201016,0,295,"$3,778.00",,"$173,492.85",8125,
03/03/2015,03/03/2015,0,DEP.EFECTIVO 107701016,0,2113,"$2,691.00",,"$176,183.85",8126,
03/03/2015,03/03/2015,0,DEP.EFECTIVO 108301016,0,3682,"$3,772.50",,"$179,956.35",8127,
03/03/2015,03/03/2015,0,DEP.EFECTIVO 141601016,0,1938,"$1,702.50",,"$181,658.85",8128,
03/03/2015,03/03/2015,0,DEP.EFECTIVO 095401016,0,295,"$2,718.00",,"$184,376.85",8129,
03/03/2015,03/03/2015,0,DEP.EFECTIVO 103409010,0,184,"$2,998.70",,"$187,375.55",8130,
03/03/2015,03/03/2015,0,DEP.EFECTIVO 133301021,0,3,$20.00,,"$187,395.55",8131,
03/03/2015,03/03/2015,0,DEP.EFECTIVO 133301013,0,3,"$2,282.50",,"$189,678.05",8132,
03/03/2015,03/03/2015,0,DEP.EFECTIVO 117101017,0,1334,"$2,530.50",,"$192,208.55",8133,
03/03/2015,03/03/2015,0,DEP.EFECTIVO 117001019,0,274,"$5,342.00",,"$197,550.55",8134,
03/03/2015,03/03/2015,0,DEP.EFECTIVO 121801016,0,2331,"$1,163.50",,"$198,714.05",8135,
03/03/2015,03/03/2015,0,DEP.EFECTIVO 101333014,0,3682,$20.00,,"$198,734.05",8136,
03/03/2015,03/03/2015,0,DEP.EFECTIVO 1209130110,0,1536,"$2,744.50",,"$201,478.55",8137,
03/03/2015,03/03/2015,0,DEP.EFECTIVO 102210013,0,8114,"$3,549.00",,"$205,027.55",8138,
03/03/2015,03/03/2015,0,DEP.EFECTIVO 111501014,0,2290,"$3,954.00",,"$208,981.55",8139,
03/03/2015,03/03/2015,0,DEP.EFECTIVO 105122014,0,1976,"$3,155.00",,"$212,136.55",8140,
03/03/2015,03/03/2015,0,DEP.EFECTIVO 96901015,0,682,"$3,851.00",,"$215,987.55",8141,
03/03/2015,03/03/2015,0,DEP.EFECTIVO 98001012,0,2096,"$2,169.50",,"$218,157.05",8142,
03/03/2015,03/03/2015,0,DEP.EFECTIVO 98001079,0,2096,"$2,726.00",,"$220,883.05",8143,
03/03/2015,03/03/2015,0,DEP.EFECTIVO 099101016,0,1934,"$5,097.50",,"$225,980.55",8144,
03/03/2015,03/03/2015,0,DEP.EFECTIVO 104901015,0,2092,"$5,218.00",,"$231,198.55",8145,
03/03/2015,03/03/2015,0,DEP.EFECTIVO 112404046,0,8717,"$1,270.00",,"$232,468.55",8146,
03/03/2015,03/03/2015,0,ANUL.DEP.EFECTIVO 11240,501,8717,,"$1,270.00","$231,198.55",8147,
03/03/2015,03/03/2015,0,DEP.EFECTIVO 112401016,0,8717,"$1,270.00",,"$232,468.55",8148,
03/03/2015,03/03/2015,0,DEP.EFECTIVO 1090100144,0,8113,"$5,128.20",,"$237,596.75",8149,
04/03/2015,04/03/2015,0,DEP.EFECTIVO 102101022,0,706,"$2,295.00",,"$239,891.75",8150,
04/03/2015,04/03/2015,200,TRASPASO A CUENTA PROPIA,790,8846,,"$238,544.74","$1,347.01",8151,"IVA:00000000.00 , A LA CUENTA 0136679699, 200 AL R.F.C. FTI9211036K2"
04/03/2015,04/03/2015,0,DEP.EFECTIVO 110501024,0,8014,"$3,797.00",,"$5,144.01",8152,
04/03/2015,04/03/2015,0,DEP.EFECTIVO 124901029,0,2104,"$3,243.00",,"$8,387.01",8153,
04/03/2015,04/03/2015,0,DEP.EFECTIVO 131801022,0,2102,"$6,393.00",,"$14,780.01",8154,
04/03/2015,04/03/2015,0,DEP.EFECTIVO 137001023,0,451,"$1,418.00",,"$16,198.01",8155,
04/03/2015,04/03/2015,0,DEP.EFECTIVO 108204028,0,188,"$3,411.50",,"$19,609.51",8156,
04/03/2015,04/03/2015,0,DEP.EFECTIVO 117001027,0,274,"$4,009.00",,"$23,618.51",8157,
04/03/2015,04/03/2015,0,DEP.EFECTIVO 99213020,0,648,"$1,832.50",,"$25,451.01",8158,
04/03/2015,04/03/2015,0,DEP.EFECTIVO 99213012,0,648,"$3,368.00",,"$28,819.01",8159,
04/03/2015,04/03/2015,0,DEP.EFECTIVO 126301024,0,464,"$3,053.50",,"$31,872.51",8160,
04/03/2015,04/03/2015,0,DEP.EFECTIVO 33402025,0,52,"$3,871.50",,"$35,744.01",8161,
04/03/2015,04/03/2015,0,DEP.EFECTIVO 124601025,0,2009,"$3,623.50",,"$39,367.51",8162,
04/03/2015,04/03/2015,0,DEP.EFECTIVO 116501024,0,1424,"$4,083.20",,"$43,450.71",8163,
04/03/2015,04/03/2015,0,DEP.EFECTIVO 118701024,0,2314,"$2,029.50",,"$45,480.21",8164,
04/03/2015,04/03/2015,0,DEP.EFECTIVO 098301024,0,2314,"$4,888.00",,"$50,368.21",8165,
04/03/2015,04/03/2015,0,DEP.EFECTIVO 041201024,0,2325,"$3,974.50",,"$54,342.71",8166,
04/03/2015,04/03/2015,0,DEP.EFECTIVO 133448020,0,2460,"$3,054.50",,"$57,397.21",8167,
04/03/2015,04/03/2015,0,DEP.EFECTIVO 102914028,0,8015,"$2,537.50",,"$59,934.71",8168,
04/03/2015,04/03/2015,0,DEP.EFECTIVO 35102029,0,52,"$2,628.50",,"$62,563.21",8169,
04/03/2015,04/03/2015,0,DEP.EFECTIVO 98001020,0,1477,"$1,434.50",,"$63,997.71",8170,
04/03/2015,04/03/2015,0,DEP.EFECTIVO 094301024,0,1938,"$2,427.50",,"$66,425.21",8171,
04/03/2015,04/03/2015,0,DEP.EFECTIVO 123601026,0,2306,"$1,219.00",,"$67,644.21",8172,
04/03/2015,04/03/2015,0,DEP.EFECTIVO 1282030290,0,3190,"$1,610.50",,"$69,254.71",8173,
04/03/2015,04/03/2015,0,DEP.EFECTIVO 13807026,0,2605,"$3,269.00",,"$72,523.71",8174,
04/03/2015,04/03/2015,0,DEP.EFECTIVO 133201023,0,2183,"$2,392.50",,"$74,916.21",8175,
04/03/2015,04/03/2015,0,DEP.EFECTIVO 141001027,0,2009,"$1,791.00",,"$76,707.21",8176,
04/03/2015,04/03/2015,0,DEP.EFECTIVO 104727029,0,3705,"$2,138.00",,"$78,845.21",8177,
04/03/2015,04/03/2015,0,DEP.EFECTIVO 92508020,0,3630,"$5,886.50",,"$84,731.71",8178,
04/03/2015,04/03/2015,0,DEP.EFECTIVO 96824027,0,1490,"$4,323.00",,"$89,054.71",8179,
04/03/2015,04/03/2015,0,DEP.EFECTIVO 117513021,0,1566,"$3,495.00",,"$92,549.71",8180,
04/03/2015,04/03/2015,0,DEP.EFECTIVO 111024025,0,1490,"$1,380.00",,"$93,929.71",8181,
04/03/2015,04/03/2015,0,DEP.EFECTIVO 34602029,0,478,"$2,014.00",,"$95,943.71",8182,
04/03/2015,04/03/2015,0,DEP.EFECTIVO 104901023,0,463,"$3,676.50",,"$99,620.21",8183,
04/03/2015,04/03/2015,0,DEP.EFECTIVO 1000300217,0,2552,"$2,452.00",,"$102,072.21",8184,
04/03/2015,04/03/2015,0,DEP.EFECTIVO 1133010233,0,2043,"$4,168.00",,"$106,240.21",8185,
04/03/2015,04/03/2015,0,DEP.EFECTIVO 124301022,0,1474,"$3,444.50",,"$109,684.71",8186,
04/03/2015,04/03/2015,0,DEP.EFECTIVO 122201014,0,2069,"$2,385.50",,"$112,070.21",8187,
04/03/2015,04/03/2015,0,DEP.EFECTIVO 133301021,0,274,"$2,799.00",,"$114,869.21",8188,
04/03/2015,04/03/2015,0,DEP.EFECTIVO 150401024,0,2043,"$3,154.50",,"$118,023.71",8189,
04/03/2015,04/03/2015,0,DEP.EFECTIVO 1145300235,0,2552,"$1,726.00",,"$119,749.71",8190,
04/03/2015,04/03/2015,0,DEP.EFECTIVO 131013024,0,166,"$1,699.00",,"$121,448.71",8191,
04/03/2015,04/03/2015,0,DEP.EFECTIVO 91402027,0,727,"$2,618.80",,"$124,067.51",8192,
04/03/2015,04/03/2015,0,DEP.EFECTIVO 101333022,0,3682,"$2,860.50",,"$126,928.01",8193,
04/03/2015,04/03/2015,0,DEP.EFECTIVO 117101025,0,1334,"$2,865.00",,"$129,793.01",8194,
04/03/2015,04/03/2015,0,DEP.EFECTIVO 113201027,0,1189,"$2,849.00",,"$132,642.01",8195,
04/03/2015,04/03/2015,0,DEP.EFECTIVO 120501024,0,2382,"$2,718.50",,"$135,360.51",8196,
04/03/2015,04/03/2015,0,DEP.EFECTIVO 13160102,0,691,"$2,802.00",,"$138,162.51",8197,
04/03/2015,04/03/2015,0,DEP.EFECTIVO 121201027,0,275,"$1,125.50",,"$139,288.01",8198,
04/03/2015,04/03/2015,0,DEP.EFECTIVO 095401024,0,295,"$3,198.50",,"$142,486.51",8199,
04/03/2015,04/03/2015,0,DEP.EFECTIVO 129201014,0,295,"$2,574.50",,"$145,061.01",8200,
04/03/2015,04/03/2015,0,DEP.EFECTIVO 123601026,0,2306,$455.00,,"$145,516.01",8201,
04/03/2015,04/03/2015,0,DEP.EFECTIVO 123501028,0,2104,"$1,600.00",,"$147,116.01",8202,
04/03/2015,04/03/2015,0,DEP.EFECTIVO 1114130264,0,1974,"$3,017.70",,"$150,133.71",8203,
04/03/2015,04/03/2015,0,DEP.EFECTIVO 106414025,0,8014,"$1,437.00",,"$151,570.71",8204,
04/03/2015,04/03/2015,0,DEP.EFECTIVO 121701026,0,831,$776.00,,"$152,346.71",8205,
04/03/2015,04/03/2015,0,DEP.EFECTIVO 1209130270,0,1536,"$1,241.50",,"$153,588.21",8206,
04/03/2015,04/03/2015,0,DEP.EFECTIVO 093001024,0,691,"$3,977.50",,"$157,565.71",8207,
04/03/2015,04/03/2015,0,DEP.EFECTIVO 119101024,0,2126,"$3,361.50",,"$160,927.21",8208,
04/03/2015,04/03/2015,0,DEP.EFECTIVO 96901023,0,2043,"$3,340.50",,"$164,267.71",8209,
04/03/2015,04/03/2015,0,DEP.EFECTIVO 108301024,0,3682,"$2,497.10",,"$166,764.81",8210,
04/03/2015,04/03/2015,0,DEP.EFECTIVO 119613027,0,7726,"$1,120.10",,"$167,884.91",8211,
04/03/2015,04/03/2015,0,DEP.EFECTIVO 141601024,0,1938,"$1,906.50",,"$169,791.41",8212,
04/03/2015,04/03/2015,0,DEP.EFECTIVO 137601014,0,1470,"$4,215.50",,"$174,006.91",8213,
04/03/2015,04/03/2015,0,DEP.EFECTIVO 119301024,0,1536,"$1,834.50",,"$175,841.41",8214,
04/03/2015,04/03/2015,0,DEP.EFECTIVO 117901036,0,2067,"$1,789.00",,"$177,630.41",8215,
04/03/2015,04/03/2015,0,DEP.EFECTIVO 122701024,0,2325,"$1,645.50",,"$179,275.91",8216,
04/03/2015,04/03/2015,0,DEP.EFECTIVO 111501022,0,2290,"$3,856.50",,"$183,132.41",8217,
04/03/2015,04/03/2015,0,DEP.EFECTIVO 103409028,0,7461,"$2,122.30",,"$185,254.71",8218,
04/03/2015,04/03/2015,0,DEP.EFECTIVO 107701024,0,2270,"$2,869.50",,"$188,124.21",8219,
04/03/2015,04/03/2015,0,DEP.EFECTIVO 099101014,0,1934,"$5,273.50",,"$193,397.71",8220,
04/03/2015,04/03/2015,0,DEP.EFECTIVO 102210021,0,8114,"$2,627.00",,"$196,024.71",8221,
04/03/2015,04/03/2015,0,DEP.EFECTIVO 105122022,0,1976,"$2,399.00",,"$198,423.71",8222,
04/03/2015,04/03/2015,0,DEP.EFECTIVO 121801024,0,2433,"$1,851.50",,"$200,275.21",8223,
04/03/2015,04/03/2015,0,DEP.EFECTIVO 1090100207,0,8115,"$5,854.50",,"$206,129.71",8224,
04/03/2015,04/03/2015,0,DEP.EFECTIVO 112401024,0,8717,"$1,372.00",,"$207,501.71",8225,
05/03/2015,05/03/2015,0,DEP.EFECTIVO 102101030,0,706,"$3,117.50",,"$210,619.21",8226,
05/03/2015,05/03/2015,0,DEP.EFECTIVO 13807034,0,2605,"$3,628.50",,"$214,247.71",8227,
05/03/2015,05/03/2015,200,TRASPASO A CUENTA PROPIA,790,8846,,"$214,247.70",$0.01,8228,"IVA:00000000.00 , A LA CUENTA 0136679699, 200 AL R.F.C. FTI9211036K2"
05/03/2015,05/03/2015,0,DEP.EFECTIVO 133448038,0,2460,"$4,134.50",,"$4,134.51",8229,
05/03/2015,05/03/2015,0,DEP.EFECTIVO 150401032,0,2043,"$2,993.00",,"$7,127.51",8230,
05/03/2015,05/03/2015,0,DEP.EFECTIVO 137001031,0,451,"$1,205.50",,"$8,333.01",8231,
05/03/2015,05/03/2015,0,DEP.EFECTIVO 116501032,0,1424,"$4,135.20",,"$12,468.21",8232,
05/03/2015,05/03/2015,0,DEP.EFECTIVO 122201012,0,2069,"$2,342.00",,"$14,810.21",8233,
05/03/2015,05/03/2015,0,DEP.EFECTIVO 124601033,0,116,"$4,135.60",,"$18,945.81",8234,
05/03/2015,05/03/2015,0,DEP.EFECTIVO 92508038,0,3630,"$3,890.00",,"$22,835.81",8235,
05/03/2015,05/03/2015,0,DEP.EFECTIVO 1282030353,0,3190,"$1,835.50",,"$24,671.31",8236,
05/03/2015,05/03/2015,0,DEP.EFECTIVO 118701049,0,2314,"$2,693.00",,"$27,364.31",8237,
05/03/2015,05/03/2015,0,DEP.EFECTIVO 111501030,0,2290,"$3,853.80",,"$31,218.11",8238,
05/03/2015,05/03/2015,0,DEP.EFECTIVO 34602037,0,143,"$1,772.00",,"$32,990.11",8239,
05/03/2015,05/03/2015,0,DEP.EFECTIVO 121201035,0,275,"$1,503.00",,"$34,493.11",8240,
05/03/2015,05/03/2015,0,DEP.EFECTIVO 106414033,0,8014,"$2,084.00",,"$36,577.11",8241,
05/03/2015,05/03/2015,0,DEP.EFECTIVO 35102037,0,52,"$2,879.50",,"$39,456.61",8242,
05/03/2015,05/03/2015,0,DEP.EFECTIVO 99213038,0,648,"$2,722.50",,"$42,179.11",8243,
05/03/2015,05/03/2015,0,DEP.EFECTIVO 102914036,0,8015,"$3,560.50",,"$45,739.61",8244,
05/03/2015,05/03/2015,0,DEP.EFECTIVO 141001035,0,2009,$958.00,,"$46,697.61",8245,
05/03/2015,05/03/2015,0,DEP.EFECTIVO 133201023,0,2183,"$2,070.50",,"$48,768.11",8246,
05/03/2015,05/03/2015,0,DEP.EFECTIVO 041201032,0,2325,"$4,333.00",,"$53,101.11",8247,
05/03/2015,05/03/2015,0,DEP.EFECTIVO 33402033,0,52,"$1,948.00",,"$55,049.11",8248,
05/03/2015,05/03/2015,0,DEP.EFECTIVO 124301030,0,1474,"$3,150.00",,"$58,199.11",8249,
05/03/2015,05/03/2015,0,DEP.EFECTIVO 123601034,0,2306,"$1,789.00",,"$59,988.11",8250,
05/03/2015,05/03/2015,0,DEP.EFECTIVO 098301032,0,2314,"$4,028.50",,"$64,016.61",8251,
05/03/2015,05/03/2015,0,DEP.EFECTIVO 117101033,0,1334,"$4,316.00",,"$68,332.61",8252,
05/03/2015,05/03/2015,0,DEP.EFECTIVO 094301032,0,1938,"$2,899.50",,"$71,232.11",8253,
05/03/2015,05/03/2015,0,DEP.EFECTIVO 112401032,0,8701,$979.00,,"$72,211.11",8254,
05/03/2015,05/03/2015,0,DEP.EFECTIVO 91402035,0,727,"$2,517.50",,"$74,728.61",8255,
05/03/2015,05/03/2015,0,DEP.EFECTIVO 96901031,0,2043,"$2,831.50",,"$77,560.11",8256,
05/03/2015,05/03/2015,0,DEP.EFECTIVO 131801030,0,2102,"$4,452.50",,"$82,012.61",8257,
05/03/2015,05/03/2015,0,DEP.EFECTIVO 111024033,0,1490,"$1,597.50",,"$83,610.11",8258,
05/03/2015,05/03/2015,0,DEP.EFECTIVO 96824035,0,1490,"$2,450.50",,"$86,060.61",8259,
05/03/2015,05/03/2015,0,DEP.EFECTIVO 110501032,0,8014,"$3,885.50",,"$89,946.11",8260,
05/03/2015,05/03/2015,0,DEP.EFECTIVO 102210039,0,8114,"$3,216.00",,"$93,162.11",8261,
05/03/2015,05/03/2015,0,DEP.EFECTIVO 120501032,0,2325,"$3,487.50",,"$96,649.61",8262,
05/03/2015,05/03/2015,0,DEP.EFECTIVO 1145300395,0,2552,"$1,453.00",,"$98,102.61",8263,
05/03/2015,05/03/2015,0,DEP.EFECTIVO 108204036,0,188,"$2,391.90",,"$100,494.51",8264,
05/03/2015,05/03/2015,0,DEP.EFECTIVO 1000300377,0,2552,"$2,971.50",,"$103,466.01",8265,
05/03/2015,05/03/2015,0,DEP.EFECTIVO,0,1566,"$3,179.50",,"$106,645.51",8266,
05/03/2015,05/03/2015,0,DEP.EFECTIVO 1114130327,0,1974,"$2,084.50",,"$108,730.01",8267,
05/03/2015,05/03/2015,0,DEP.EFECTIVO 119613035,0,7726,"$1,269.25",,"$109,999.26",8268,
05/03/2015,05/03/2015,0,DEP.EFECTIVO 119301024,0,1536,"$1,000.00",,"$110,999.26",8269,
05/03/2015,05/03/2015,0,DEP.EFECTIVO 119301032,0,1536,"$1,428.50",,"$112,427.76",8270,
05/03/2015,05/03/2015,0,ANUL.DEP.EFECTIVO,501,1566,,"$3,179.50","$109,248.26",8271,
05/03/2015,05/03/2015,0,DEP.EFECTIVO 117513039,0,1566,"$3,179.50",,"$112,427.76",8272,
05/03/2015,05/03/2015,0,DEP.EFECTIVO 107701032,0,2306,"$1,186.50",,"$113,614.26",8273,
05/03/2015,05/03/2015,0,DEP.EFECTIVO 104727037,0,3705,"$1,087.00",,"$114,701.26",8274,
05/03/2015,05/03/2015,0,DEP.EFECTIVO 101333030,0,3682,"$3,965.10",,"$118,666.36",8275,
05/03/2015,05/03/2015,0,DEP.EFECTIVO 13160103,0,117,"$2,769.50",,"$121,435.86",8276,
05/03/2015,05/03/2015,0,DEP.EFECTIVO 124901037,0,2104,"$3,421.00",,"$124,856.86",8277,
05/03/2015,05/03/2015,0,DEP.EFECTIVO 131013032,0,166,"$1,274.50",,"$126,131.36",8278,
05/03/2015,05/03/2015,0,DEP.EFECTIVO 123501036,0,2104,"$1,918.50",,"$128,049.86",8279,
05/03/2015,05/03/2015,0,ANUL.DEP.EFECTIVO 11870,501,2314,,"$2,693.00","$125,356.86",8280,
05/03/2015,05/03/2015,0,DEP.EFECTIVO 108301032,0,3682,"$3,370.50",,"$128,727.36",8281,
05/03/2015,05/03/2015,0,DEP.EFECTIVO 118701032,0,2314,"$2,693.00",,"$131,420.36",8282,
05/03/2015,05/03/2015,0,DEP.EFECTIVO 121701034,0,831,"$1,792.50",,"$133,212.86",8283,
05/03/2015,05/03/2015,0,DEP.EFECTIVO 1133010393,0,2043,"$4,177.00",,"$137,389.86",8284,
05/03/2015,05/03/2015,0,DEP.EFECTIVO 095401032,0,295,"$3,152.50",,"$140,542.36",8285,
05/03/2015,05/03/2015,0,DEP.EFECTIVO 122701032,0,2325,"$1,478.50",,"$142,020.86",8286,
05/03/2015,05/03/2015,0,DEP.EFECTIVO 117001035,0,274,"$1,815.50",,"$143,836.36",8287,
05/03/2015,05/03/2015,0,DEP.EFECTIVO 1209130333,0,1536,"$1,730.00",,"$145,566.36",8288,
05/03/2015,05/03/2015,0,DEP.EFECTIVO 117901036,0,2067,"$1,477.50",,"$147,043.86",8289,
05/03/2015,05/03/2015,0,DEP.EFECTIVO 137601012,0,1470,"$4,110.50",,"$151,154.36",8290,
05/03/2015,05/03/2015,0,DEP.EFECTIVO 119101032,0,2126,"$1,790.00",,"$152,944.36",8291,
05/03/2015,05/03/2015,0,DEP.EFECTIVO 121801032,0,2433,"$1,200.00",,"$154,144.36",8292,
05/03/2015,05/03/2015,0,DEP.EFECTIVO 103409036,0,7461,"$1,397.00",,"$155,541.36",8293,
05/03/2015,05/03/2015,0,DEP.EFECTIVO 129201012,0,295,"$2,599.00",,"$158,140.36",8294,
05/03/2015,05/03/2015,0,DEP.EFECTIVO 126301032,0,464,"$4,080.00",,"$162,220.36",8295,
05/03/2015,05/03/2015,0,DEP.EFECTIVO 099101012,0,1934,"$4,769.00",,"$166,989.36",8296,
05/03/2015,05/03/2015,0,DEP.EFECTIVO 104901031,0,463,"$3,638.00",,"$170,627.36",8297,
05/03/2015,05/03/2015,0,DEP.EFECTIVO 133301039,0,3,"$3,101.50",,"$173,728.86",8298,
05/03/2015,05/03/2015,0,DEP.EFECTIVO 141601032,0,1938,$940.50,,"$174,669.36",8299,
05/03/2015,05/03/2015,0,DEP.EFECTIVO 105122030,0,1976,"$2,482.00",,"$177,151.36",8300,
05/03/2015,05/03/2015,0,DEP.EFECTIVO 1090100367,0,8115,"$6,240.70",,"$183,392.06",8301,
06/03/2015,06/03/2015,200,TRASPASO A CUENTA PROPIA,790,8846,,"$183,392.05",$0.01,8302,"IVA:00000000.00 , A LA CUENTA 0136679699, TRASPASO 200 AL R.F.C. FTI9211036K2"
06/03/2015,06/03/2015,0,DEP.EFECTIVO 110501049,0,8014,"$3,699.00",,"$3,699.01",8303,
06/03/2015,06/03/2015,0,DEP.EFECTIVO 102101048,0,706,"$2,803.50",,"$6,502.51",8304,
06/03/2015,06/03/2015,0,DEP.EFECTIVO 1114130487,0,1974,"$2,353.00",,"$8,855.51",8305,
06/03/2015,06/03/2015,0,DEP.EFECTIVO,0,8014,"$1,575.00",,"$10,430.51",8306,
06/03/2015,06/03/2015,0,DEP.EFECTIVO 13807042,0,2605,"$3,480.00",,"$13,910.51",8307,
06/03/2015,06/03/2015,0,DEP.EFECTIVO 117901044,0,2067,"$2,416.50",,"$16,327.01",8308,
06/03/2015,06/03/2015,0,DEP.EFECTIVO 121201043,0,275,"$3,162.00",,"$19,489.01",8309,
06/03/2015,06/03/2015,0,DEP.EFECTIVO 33402041,0,52,"$1,977.50",,"$21,466.51",8310,
06/03/2015,06/03/2015,0,DEP.EFECTIVO 094301049,0,1938,"$1,727.00",,"$23,193.51",8311,
06/03/2015,06/03/2015,0,DEP.EFECTIVO 133448046,0,2460,"$2,965.00",,"$26,158.51",8312,
06/03/2015,06/03/2015,0,DEP.EFECTIVO 124601041,0,116,"$3,184.50",,"$29,343.01",8313,
06/03/2015,06/03/2015,0,DEP.EFECTIVO 117101041,0,1334,"$3,621.50",,"$32,964.51",8314,
06/03/2015,06/03/2015,0,DEP.EFECTIVO 133301047,0,274,"$1,740.50",,"$34,705.01",8315,
06/03/2015,06/03/2015,0,DEP.EFECTIVO 137001049,0,451,$841.00,,"$35,546.01",8316,
06/03/2015,06/03/2015,0,DEP.EFECTIVO 123601042,0,2306,"$1,945.50",,"$37,491.51",8317,
06/03/2015,06/03/2015,0,DEP.EFECTIVO 119101049,0,2126,"$1,582.50",,"$39,074.01",8318,
06/03/2015,06/03/2015,0,DEP.EFECTIVO 131013040,0,20,"$2,096.00",,"$41,170.01",8319,
06/03/2015,06/03/2015,0,DEP.EFECTIVO 133201049,0,2183,"$1,755.00",,"$42,925.01",8320,
06/03/2015,06/03/2015,0,DEP.EFECTIVO 1282030416,0,3190,$858.00,,"$43,783.01",8321,
06/03/2015,06/03/2015,0,DEP.EFECTIVO 34602045,0,478,"$2,327.50",,"$46,110.51",8322,
06/03/2015,06/03/2015,0,DEP.EFECTIVO 098301049,0,2314,"$3,159.00",,"$49,269.51",8323,
06/03/2015,06/03/2015,0,DEP.EFECTIVO 118701049,0,2314,"$2,971.00",,"$52,240.51",8324,
06/03/2015,06/03/2015,0,DEP.EFECTIVO 12221019,0,2069,"$1,927.50",,"$54,168.01",8325,
06/03/2015,06/03/2015,0,DEP.EFECTIVO 141001043,0,2009,"$2,939.50",,"$57,107.51",8326,
06/03/2015,06/03/2015,0,DEP.EFECTIVO 124301048,0,1474,"$2,429.50",,"$59,537.01",8327,
06/03/2015,06/03/2015,0,DEP.EFECTIVO 111501048,0,2290,"$2,969.10",,"$62,506.11",8328,
06/03/2015,06/03/2015,0,DEP.EFECTIVO 108204044,0,188,"$2,446.15",,"$64,952.26",8329,
06/03/2015,06/03/2015,0,DEP.EFECTIVO 120501049,0,2382,"$2,891.00",,"$67,843.26",8330,
06/03/2015,06/03/2015,0,DEP.EFECTIVO 92508046,0,3630,"$4,209.50",,"$72,052.76",8331,
06/03/2015,06/03/2015,0,DEP.EFECTIVO 99213046,0,648,"$3,576.50",,"$75,629.26",8332,
06/03/2015,06/03/2015,0,DEP.EFECTIVO 041201049,0,2325,"$2,993.50",,"$78,622.76",8333,
06/03/2015,06/03/2015,0,DEP.EFECTIVO 116501049,0,1424,"$3,526.50",,"$82,149.26",8334,
06/03/2015,06/03/2015,0,DEP.EFECTIVO 96824043,0,1490,"$3,825.50",,"$85,974.76",8335,
06/03/2015,09/03/2015,0,CHQ.LOCAL 016322 35102045,6,52,$800.00,,"$86,774.76",8336,BCO :0044 CTA. 0014504659449 NO.CHEQUE 0000016322
06/03/2015,06/03/2015,0,DEP.EFECTIVO 35102045,0,52,"$1,083.50",,"$87,858.26",8337,
06/03/2015,06/03/2015,0,DEP.EFECTIVO 101333048,0,3682,"$3,688.20",,"$91,546.46",8338,
06/03/2015,06/03/2015,0,DEP.EFECTIVO 126301049,0,464,"$3,381.00",,"$94,927.46",8339,
06/03/2015,06/03/2015,0,DEP.EFECTIVO 1145300458,0,2552,"$1,120.50",,"$96,047.96",8340,
06/03/2015,06/03/2015,0,DEP.EFECTIVO 1000300440,0,2552,"$2,331.00",,"$98,378.96",8341,
06/03/2015,06/03/2015,0,DEP.EFECTIVO 91402043,0,727,"$1,557.50",,"$99,936.46",8342,
06/03/2015,06/03/2015,0,DEP.EFECTIVO 13160104,0,117,"$3,870.50",,"$103,806.96",8343,
06/03/2015,06/03/2015,0,DEP.EFECTIVO 117001043,0,274,"$4,300.00",,"$108,106.96",8344,
06/03/2015,06/03/2015,0,DEP.EFECTIVO 124901045,0,2104,"$2,259.00",,"$110,365.96",8345,
06/03/2015,06/03/2015,0,DEP.EFECTIVO 121701042,0,831,$767.00,,"$111,132.96",8346,
06/03/2015,06/03/2015,0,DEP.EFECTIVO 123501044,0,2104,"$1,446.00",,"$112,578.96",8347,
06/03/2015,06/03/2015,0,DEP.EFECTIVO 122701049,0,2325,"$1,640.00",,"$114,218.96",8348,
06/03/2015,06/03/2015,0,DEP.EFECTIVO 104727045,0,3705,"$1,345.00",,"$115,563.96",8349,
06/03/2015,06/03/2015,0,DEP.EFECTIVO 111024041,0,1490,"$1,931.00",,"$117,494.96",8350,
06/03/2015,06/03/2015,0,DEP.EFECTIVO 113201043,0,2331,"$2,560.00",,"$120,054.96",8351,
06/03/2015,06/03/2015,0,DEP.EFECTIVO 107701040,0,2306,"$2,202.50",,"$122,257.46",8352,
06/03/2015,06/03/2015,0,ANUL.DEP.EFECTIVO,501,8014,,"$1,575.00","$120,682.46",8353,
06/03/2015,06/03/2015,0,DEP.EFECTIVO 1133010456,0,2043,"$4,678.00",,"$125,360.46",8354,
06/03/2015,06/03/2015,0,DEP.EFECTIVO 106414041,0,8014,"$1,575.00",,"$126,935.46",8355,
06/03/2015,06/03/2015,0,DEP.EFECTIVO 095401049,0,295,"$1,826.50",,"$128,761.96",8356,
06/03/2015,06/03/2015,0,DEP.EFECTIVO 119301049,0,1536,"$2,029.00",,"$130,790.96",8357,
06/03/2015,06/03/2015,0,DEP.EFECTIVO 129201019,0,295,"$1,983.00",,"$132,773.96",8358,
06/03/2015,06/03/2015,0,DEP.EFECTIVO 108301049,0,3682,"$3,034.40",,"$135,808.36",8359,
06/03/2015,06/03/2015,0,DEP.EFECTIVO 131801048,0,2102,"$5,229.50",,"$141,037.86",8360,
06/03/2015,06/03/2015,0,DEP.EFECTIVO 093001049,0,691,"$2,700.50",,"$143,738.36",8361,
06/03/2015,06/03/2015,0,DEP.EFECTIVO 093001032,0,691,"$2,908.50",,"$146,646.86",8362,
06/03/2015,06/03/2015,0,DEP.EFECTIVO 102210047,0,8114,"$3,340.00",,"$149,986.86",8363,
06/03/2015,06/03/2015,0,DEP.EFECTIVO 141601049,0,1938,"$2,532.00",,"$152,518.86",8364,
06/03/2015,06/03/2015,0,DEP.EFECTIVO 96901049,0,2043,"$4,068.50",,"$156,587.36",8365,
06/03/2015,06/03/2015,0,DEP.EFECTIVO 98001038,0,2096,"$2,155.50",,"$158,742.86",8366,
06/03/2015,06/03/2015,0,DEP.EFECTIVO 98001046,0,2096,"$2,114.50",,"$160,857.36",8367,
06/03/2015,06/03/2015,0,DEP.EFECTIVO 099101019,0,1934,"$3,771.50",,"$164,628.86",8368,
06/03/2015,06/03/2015,0,DEP.EFECTIVO 119613043,0,7726,"$1,350.65",,"$165,979.51",8369,
06/03/2015,06/03/2015,0,DEP.EFECTIVO 103409044,0,82,"$1,641.65",,"$167,621.16",8370,
06/03/2015,06/03/2015,0,DEP.EFECTIVO 137601019,0,1470,"$3,602.50",,"$171,223.66",8371,
06/03/2015,06/03/2015,0,DEP.EFECTIVO,0,8015,"$2,127.50",,"$173,351.16",8372,
06/03/2015,06/03/2015,0,DEP.EFECTIVO 150401040,0,2043,"$2,395.00",,"$175,746.16",8373,
06/03/2015,06/03/2015,0,DEP.EFECTIVO 1090100430,0,8117,"$6,098.00",,"$181,844.16",8374,
06/03/2015,06/03/2015,0,ANUL.DEP.EFECTIVO,501,8015,,"$2,127.50","$179,716.66",8375,
06/03/2015,06/03/2015,0,DEP.EFECTIVO 102914044,0,8015,"$2,127.50",,"$181,844.16",8376,
06/03/2015,06/03/2015,0,DEP.EFECTIVO 104901049,0,2092,"$2,644.50",,"$184,488.66",8377,
06/03/2015,06/03/2015,0,DEP.EFECTIVO 105122048,0,1976,"$2,435.50",,"$186,924.16",8378,
06/03/2015,06/03/2015,0,DEP.EFECTIVO 112401049,0,8717,"$1,313.00",,"$188,237.16",8379,
07/03/2015,09/03/2015,0,DEP.EFECTIVO 111024058,0,1490,"$1,810.50",,"$190,047.66",8380,
07/03/2015,09/03/2015,0,DEP.EFECTIVO 108204051,0,188,"$2,864.80",,"$192,912.46",8381,
07/03/2015,09/03/2015,0,DEP.EFECTIVO 1209130493,0,1536,$755.00,,"$193,667.46",8382,
07/03/2015,09/03/2015,0,DEP.EFECTIVO 1209130556,0,1536,"$1,027.00",,"$194,694.46",8383,
07/03/2015,09/03/2015,0,DEP.EFECTIVO 13807059,0,2605,"$3,152.50",,"$197,846.96",8384,
07/03/2015,09/03/2015,0,DEP.EFECTIVO 133448053,0,2460,"$1,682.00",,"$199,528.96",8385,
07/03/2015,09/03/2015,0,DEP.EFECTIVO 117513054,0,1566,"$3,027.50",,"$202,556.46",8386,
07/03/2015,09/03/2015,0,DEP.EFECTIVO 117513047,0,1566,"$2,510.00",,"$205,066.46",8387,
09/03/2015,09/03/2015,0,DEP.EFECTIVO 102101063,0,706,"$2,032.50",,"$207,098.96",8388,
09/03/2015,09/03/2015,0,DEP.EFECTIVO 102101055,0,706,"$2,025.00",,"$209,123.96",8389,
09/03/2015,09/03/2015,0,DEP.EFECTIVO 102101071,0,706,$605.00,,"$209,728.96",8390,
09/03/2015,09/03/2015,200,TRASPASO A CUENTA PROPIA,790,8846,,"$208,928.96",$800.00,8391,"IVA:00000000.00 , A LA CUENTA 0136679699, 200 AL R.F.C. FTI9211036K2"
09/03/2015,09/03/2015,0,DEP.EFECTIVO 110501073,0,8014,"$2,169.00",,"$2,969.00",8392,
09/03/2015,09/03/2015,0,DEP.EFECTIVO,0,8014,"$4,570.50",,"$7,539.50",8393,
09/03/2015,09/03/2015,0,DEP.EFECTIVO 110501057,0,8014,"$3,368.50",,"$10,908.00",8394,
09/03/2015,09/03/2015,0,DEP.EFECTIVO 131801055,0,2102,"$5,214.50",,"$16,122.50",8395,
09/03/2015,09/03/2015,0,DEP.EFECTIVO 13807067,0,2605,"$5,056.50",,"$21,179.00",8396,
09/03/2015,09/03/2015,0,DEP.EFECTIVO 13807075,0,2605,$666.50,,"$21,845.50",8397,
09/03/2015,09/03/2015,0,DEP.EFECTIVO 131801063,0,2102,"$3,952.50",,"$25,798.00",8398,
09/03/2015,09/03/2015,0,DEP.EFECTIVO 131801071,0,2102,"$1,863.50",,"$27,661.50",8399,
09/03/2015,09/03/2015,0,DEPOSITO DE CUENTA DE TERCEROS,0,4253,$968.50,,"$28,630.00",8400,"DEPOSITO EFECTIVO OFICINA TELECOMM 30035, REFERENCIA CLIENTE 0000000000"
09/03/2015,09/03/2015,0,DEPOSITO DE CUENTA DE TERCEROS,0,4253,$709.50,,"$29,339.50",8401,"DEPOSITO EFECTIVO OFICINA TELECOMM 30035, REFERENCIA CLIENTE 0000000000"
09/03/2015,09/03/2015,0,DEP.EFECTIVO 102914077,0,8015,"$1,181.50",,"$30,521.00",8402,
09/03/2015,09/03/2015,0,DEPOSITO DE CUENTA DE TERCEROS,0,4253,$738.50,,"$31,259.50",8403,"DEPOSITO EFECTIVO OFICINA TELECOMM 30035, REFERENCIA CLIENTE 0000000000"
09/03/2015,09/03/2015,0,DEP.EFECTIVO 102914051,0,8015,"$1,589.00",,"$32,848.50",8404,
09/03/2015,09/03/2015,0,DEPOSITO DE CUENTA DE TERCEROS,0,4253,$855.50,,"$33,704.00",8405,"DEPOSITO EFECTIVO OFICINA TELECOMM 30035, REFERENCIA CLIENTE 0000000000"
09/03/2015,09/03/2015,0,DEP.EFECTIVO 102914069,0,8015,"$2,111.50",,"$35,815.50",8406,
09/03/2015,09/03/2015,0,DEPOSITO DE CUENTA DE TERCEROS,0,4253,$493.50,,"$36,309.00",8407,"DEPOSITO EFECTIVO OFICINA TELECOMM 30035, REFERENCIA CLIENTE 0000000000"
09/03/2015,09/03/2015,0,DEPOSITO DE CUENTA DE TERCEROS,0,4253,$452.00,,"$36,761.00",8408,"DEPOSITO EFECTIVO OFICINA TELECOMM 30035, REFERENCIA CLIENTE 0000000000"
09/03/2015,09/03/2015,0,DEP.EFECTIVO,0,143,"$1,736.50",,"$38,497.50",8409,
09/03/2015,09/03/2015,0,ANUL.DEP.EFECTIVO,501,143,,"$1,736.50","$36,761.00",8410,
09/03/2015,09/03/2015,0,DEP.EFECTIVO 1282030639,0,3190,"$1,417.50",,"$38,178.50",8411,
09/03/2015,09/03/2015,0,DEP.EFECTIVO 104727052,0,3705,"$1,339.00",,"$39,517.50",8412,
09/03/2015,09/03/2015,0,DEP.EFECTIVO 1282030799,0,3190,"$1,468.50",,"$40,986.00",8413,
09/03/2015,09/03/2015,0,DEP.EFECTIVO 1282030576,0,3190,"$1,497.50",,"$42,483.50",8414,
09/03/2015,09/03/2015,0,DEP.EFECTIVO 34602060,0,143,"$1,736.50",,"$44,220.00",8415,
09/03/2015,09/03/2015,0,DEP.EFECTIVO 104727078,0,3705,$640.00,,"$44,860.00",8416,
09/03/2015,09/03/2015,0,DEP.EFECTIVO 34602078,0,143,"$1,117.00",,"$45,977.00",8417,
09/03/2015,09/03/2015,0,DEP.EFECTIVO 34602052,0,143,"$1,746.50",,"$47,723.50",8418,
09/03/2015,09/03/2015,0,DEP.EFECTIVO 104727060,0,3705,"$2,076.00",,"$49,799.50",8419,
09/03/2015,09/03/2015,0,DEP.EFECTIVO 106414074,0,8014,"$1,780.50",,"$51,580.00",8420,
09/03/2015,09/03/2015,0,DEP.EFECTIVO 106414058,0,8014,"$2,102.00",,"$53,682.00",8421,
09/03/2015,09/03/2015,0,DEP.EFECTIVO 106414066,0,8014,"$2,158.00",,"$55,840.00",8422,
09/03/2015,09/03/2015,0,DEP.EFECTIVO 133301062,0,2162,"$4,016.00",,"$59,856.00",8423,
09/03/2015,09/03/2015,0,DEP.EFECTIVO 1333301070,0,2162,"$3,277.00",,"$63,133.00",8424,
09/03/2015,09/03/2015,0,DEP.EFECTIVO 133301054,0,2162,"$2,838.00",,"$65,971.00",8425,
09/03/2015,09/03/2015,0,DEP.EFECTIVO 124301055,0,1474,"$1,820.00",,"$67,791.00",8426,
09/03/2015,09/03/2015,0,DEP.EFECTIVO 124301063,0,1474,"$3,697.50",,"$71,488.50",8427,
09/03/2015,09/03/2015,0,DEP.EFECTIVO 124301071,0,1474,"$1,601.80",,"$73,090.30",8428,
09/03/2015,09/03/2015,0,DEP.EFECTIVO 117513070,0,1508,"$4,149.50",,"$77,239.80",8429,
09/03/2015,09/03/2015,0,DEP.EFECTIVO 117513062,0,1508,"$5,143.50",,"$82,383.30",8430,
09/03/2015,09/03/2015,0,DEP.EFECTIVO 111024066,0,2605,"$1,537.00",,"$83,920.30",8431,
09/03/2015,09/03/2015,0,DEP.EFECTIVO 111024074,0,2605,$851.50,,"$84,771.80",8432,
09/03/2015,09/03/2015,0,DEP.EFECTIVO 119613050,0,7726,"$1,004.05",,"$85,775.85",8433,
09/03/2015,09/03/2015,0,DEP.EFECTIVO 119613076,0,7726,$681.40,,"$86,457.25",8434,
09/03/2015,09/03/2015,0,DEP.EFECTIVO 119613068,0,7726,"$1,137.40",,"$87,594.65",8435,
09/03/2015,09/03/2015,0,DEP.EFECTIVO 1090100716,0,8113,"$2,059.60",,"$89,654.25",8436,
09/03/2015,09/03/2015,0,DEP.EFECTIVO 1090100653,0,8113,"$4,572.80",,"$94,227.05",8437,
09/03/2015,09/03/2015,0,DEP.EFECTIVO 1090100590,0,8113,"$3,860.90",,"$98,087.95",8438,
09/03/2015,09/03/2015,0,DEP.EFECTIVO 102210054,0,8114,"$2,681.50",,"$100,769.45",8439,
09/03/2015,09/03/2015,0,DEP.EFECTIVO 102210062,0,8114,"$2,031.50",,"$102,800.95",8440,
09/03/2015,09/03/2015,0,DEP.EFECTIVO 102210070,0,8114,$770.00,,"$103,570.95",8441,
09/03/2015,09/03/2015,0,DEP.EFECTIVO 108204077,0,188,"$1,563.00",,"$105,133.95",8442,
09/03/2015,09/03/2015,0,DEP.EFECTIVO 108204069,0,188,"$2,200.25",,"$107,334.20",8443,
09/03/2015,09/03/2015,0,DEP.EFECTIVO 1114130773,0,1974,"$2,435.50",,"$109,769.70",8444,
09/03/2015,09/03/2015,0,DEP.EFECTIVO 1114130550,0,1974,"$2,481.50",,"$112,251.20",8445,
09/03/2015,09/03/2015,0,DEP.EFECTIVO 1114130613,0,1974,"$3,529.20",,"$115,780.40",8446,
09/03/2015,09/03/2015,0,DEP.EFECTIVO 124601066,0,116,"$4,408.00",,"$120,188.40",8447,
09/03/2015,09/03/2015,0,DEP.EFECTIVO 124601074,0,116,"$1,779.00",,"$121,967.40",8448,
09/03/2015,09/03/2015,0,DEP.EFECTIVO 124601058,0,116,"$3,718.50",,"$125,685.90",8449,
09/03/2015,09/03/2015,0,DEP.EFECTIVO 99213061,0,20,"$2,470.00",,"$128,155.90",8450,
09/03/2015,09/03/2015,0,DEP.EFECTIVO,0,20,"$1,129.00",,"$129,284.90",8451,
09/03/2015,09/03/2015,0,DEP.EFECTIVO,0,20,"$3,497.00",,"$132,781.90",8452,
09/03/2015,09/03/2015,0,DEP.EFECTIVO 123601059,0,2306,"$1,560.50",,"$134,342.40",8453,
09/03/2015,09/03/2015,0,DEP.EFECTIVO 098301073,0,2314,"$3,796.00",,"$138,138.40",8454,
09/03/2015,09/03/2015,0,DEP.EFECTIVO 123601067,0,2306,"$1,937.00",,"$140,075.40",8455,
09/03/2015,09/03/2015,0,DEP.EFECTIVO 111501071,0,2290,"$3,799.00",,"$143,874.40",8456,
09/03/2015,09/03/2015,0,DEP.EFECTIVO 098301065,0,2314,"$3,865.00",,"$147,739.40",8457,
09/03/2015,09/03/2015,0,DEP.EFECTIVO 098301057,0,2314,"$4,100.00",,"$151,839.40",8458,
09/03/2015,09/03/2015,0,DEP.EFECTIVO 123601075,0,2306,$829.00,,"$152,668.40",8459,
09/03/2015,09/03/2015,0,DEP.EFECTIVO 111501055,0,2290,"$2,424.00",,"$155,092.40",8460,
09/03/2015,09/03/2015,0,DEP.EFECTIVO 118701065,0,2314,"$3,528.50",,"$158,620.90",8461,
09/03/2015,09/03/2015,0,DEP.EFECTIVO 118701073,0,2314,"$2,868.50",,"$161,489.40",8462,
09/03/2015,09/03/2015,0,DEP.EFECTIVO 111501063,0,2290,"$3,622.00",,"$165,111.40",8463,
09/03/2015,09/03/2015,0,DEP.EFECTIVO 118701057,0,2314,"$2,263.50",,"$167,374.90",8464,
09/03/2015,09/03/2015,0,DEP.EFECTIVO 137001056,0,2049,"$1,003.00",,"$168,377.90",8465,
09/03/2015,09/03/2015,0,DEP.EFECTIVO 137001064,0,2049,$889.00,,"$169,266.90",8466,
09/03/2015,09/03/2015,0,DEP.EFECTIVO 108301065,0,3682,"$2,794.50",,"$172,061.40",8467,
09/03/2015,09/03/2015,0,DEP.EFECTIVO 137001072,0,2049,$321.00,,"$172,382.40",8468,
09/03/2015,09/03/2015,0,DEP.EFECTIVO 108301057,0,3682,"$2,743.40",,"$175,125.80",8469,
09/03/2015,09/03/2015,0,DEP.EFECTIVO 108301073,0,3682,"$1,484.30",,"$176,610.10",8470,
09/03/2015,09/03/2015,0,DEP.EFECTIVO 041201057,0,2325,"$3,445.50",,"$180,055.60",8471,
09/03/2015,09/03/2015,0,DEP.EFECTIVO 041201065,0,2325,"$4,121.00",,"$184,176.60",8472,
09/03/2015,09/03/2015,0,DEP.EFECTIVO 041201073,0,2325,"$1,325.50",,"$185,502.10",8473,
09/03/2015,09/03/2015,0,DEP.EFECTIVO 094301073,0,1938,"$1,025.00",,"$186,527.10",8474,
09/03/2015,09/03/2015,0,DEP.EFECTIVO 094301065,0,1938,"$3,159.50",,"$189,686.60",8475,
09/03/2015,09/03/2015,0,DEP.EFECTIVO 094301057,0,1938,"$3,054.50",,"$192,741.10",8476,
09/03/2015,09/03/2015,0,DEP.EFECTIVO 133448061,0,2460,"$2,693.50",,"$195,434.60",8477,
09/03/2015,09/03/2015,0,DEP.EFECTIVO 133448079,0,2460,"$1,108.50",,"$196,543.10",8478,
09/03/2015,09/03/2015,0,DEP.EFECTIVO 133201056,0,2183,"$2,343.50",,"$198,886.60",8479,
09/03/2015,09/03/2015,0,DEP.EFECTIVO 33402074,0,52,"$1,399.00",,"$200,285.60",8480,
09/03/2015,09/03/2015,0,DEP.EFECTIVO 133201064,0,2183,"$1,783.50",,"$202,069.10",8481,
09/03/2015,09/03/2015,0,DEP.EFECTIVO 33402066,0,52,"$3,028.50",,"$205,097.60",8482,
09/03/2015,09/03/2015,0,DEP.EFECTIVO 133201072,0,2183,$243.50,,"$205,341.10",8483,
09/03/2015,09/03/2015,0,DEP.EFECTIVO 121201050,0,275,"$2,470.50",,"$207,811.60",8484,
09/03/2015,09/03/2015,0,DEP.EFECTIVO 121201068,0,275,"$2,169.50",,"$209,981.10",8485,
09/03/2015,09/03/2015,0,DEP.EFECTIVO 121201076,0,275,$491.00,,"$210,472.10",8486,
09/03/2015,09/03/2015,0,DEP.EFECTIVO 122201017,0,2069,"$1,655.50",,"$212,127.60",8487,
09/03/2015,09/03/2015,0,DEP.EFECTIVO 35102052,0,52,"$1,858.00",,"$213,985.60",8488,
09/03/2015,09/03/2015,0,DEP.EFECTIVO 122201013,0,2069,"$2,199.00",,"$216,184.60",8489,
09/03/2015,09/03/2015,0,DEP.EFECTIVO 35102060,0,52,"$3,960.50",,"$220,145.10",8490,
09/03/2015,09/03/2015,0,DEP.EFECTIVO 35102078,0,52,"$1,719.00",,"$221,864.10",8491,
09/03/2015,09/03/2015,0,DEP.EFECTIVO 122201015,0,2069,"$2,527.00",,"$224,391.10",8492,
09/03/2015,09/03/2015,0,DEP.EFECTIVO 117101058,0,1334,"$2,966.00",,"$227,357.10",8493,
09/03/2015,09/03/2015,0,DEP.EFECTIVO 117101066,0,1334,"$3,223.50",,"$230,580.60",8494,
09/03/2015,09/03/2015,0,DEP.EFECTIVO 117101074,0,1334,"$1,102.00",,"$231,682.60",8495,
09/03/2015,09/03/2015,0,DEP.EFECTIVO 1209130556,0,1536,$0.50,,"$231,683.10",8496,
09/03/2015,09/03/2015,0,DEP.EFECTIVO 1209130619,0,1536,"$1,290.50",,"$232,973.60",8497,
09/03/2015,09/03/2015,0,DEP.EFECTIVO 1000300663,0,2552,"$1,965.50",,"$234,939.10",8498,
09/03/2015,09/03/2015,0,DEP.EFECTIVO 1209130779,0,1536,$816.00,,"$235,755.10",8499,
09/03/2015,09/03/2015,0,DEP.EFECTIVO 1000300726,0,2552,"$1,374.50",,"$237,129.60",8500,
09/03/2015,09/03/2015,0,DEP.EFECTIVO 1000300503,0,2552,"$2,397.00",,"$239,526.60",8501,
09/03/2015,09/03/2015,0,DEP.EFECTIVO 119301049,0,1508,$500.00,,"$240,026.60",8502,
09/03/2015,09/03/2015,0,DEP.EFECTIVO 119301057,0,1508,"$1,485.60",,"$241,512.20",8503,
09/03/2015,09/03/2015,0,DEP.EFECTIVO 119301065,0,1508,$769.50,,"$242,281.70",8504,
09/03/2015,09/03/2015,0,DEP.EFECTIVO 119301073,0,1508,$818.50,,"$243,100.20",8505,
09/03/2015,09/03/2015,0,DEP.EFECTIVO 91402068,0,727,"$1,246.50",,"$244,346.70",8506,
09/03/2015,09/03/2015,0,DEP.EFECTIVO 91402076,0,727,"$1,245.00",,"$245,591.70",8507,
09/03/2015,09/03/2015,0,DEP.EFECTIVO 91402050,0,727,"$2,233.00",,"$247,824.70",8508,
09/03/2015,09/03/2015,0,DEP.EFECTIVO 1145300521,0,2552,"$2,419.50",,"$250,244.20",8509,
09/03/2015,09/03/2015,0,DEP.EFECTIVO 1145300744,0,2552,$745.50,,"$250,989.70",8510,
09/03/2015,09/03/2015,0,DEP.EFECTIVO 124901078,0,2104,"$2,084.50",,"$253,074.20",8511,
09/03/2015,09/03/2015,0,DEP.EFECTIVO 1145300681,0,2552,"$1,290.50",,"$254,364.70",8512,
09/03/2015,09/03/2015,0,DEP.EFECTIVO 96824050,0,1490,"$4,506.00",,"$258,870.70",8513,
09/03/2015,09/03/2015,0,DEP.EFECTIVO 96824068,0,1490,"$3,003.50",,"$261,874.20",8514,
09/03/2015,09/03/2015,0,DEP.EFECTIVO 124901060,0,2104,"$2,153.00",,"$264,027.20",8515,
09/03/2015,09/03/2015,0,DEP.EFECTIVO 96824076,0,1490,"$1,369.00",,"$265,396.20",8516,
09/03/2015,09/03/2015,0,DEP.EFECTIVO 129201013,0,295,"$1,678.00",,"$267,074.20",8517,
09/03/2015,09/03/2015,0,DEP.EFECTIVO 129201015,0,295,"$2,492.50",,"$269,566.70",8518,
09/03/2015,09/03/2015,0,DEP.EFECTIVO 129201019,0,295,$20.00,,"$269,586.70",8519,
09/03/2015,09/03/2015,0,DEP.EFECTIVO 093001065,0,117,"$3,623.50",,"$273,210.20",8520,
09/03/2015,09/03/2015,0,DEP.EFECTIVO 093001057,0,117,"$2,851.00",,"$276,061.20",8521,
09/03/2015,09/03/2015,0,DEP.EFECTIVO 117001068,0,274,"$3,191.50",,"$279,252.70",8522,
09/03/2015,09/03/2015,0,DEP.EFECTIVO 117001076,0,274,$659.50,,"$279,912.20",8523,
09/03/2015,09/03/2015,0,DEP.EFECTIVO 093001073,0,117,"$2,523.00",,"$282,435.20",8524,
09/03/2015,09/03/2015,0,DEP.EFECTIVO 117001050,0,274,"$1,991.50",,"$284,426.70",8525,
09/03/2015,09/03/2015,0,DEP.EFECTIVO 13160105,0,117,"$2,833.00",,"$287,259.70",8526,
09/03/2015,09/03/2015,0,DEP.EFECTIVO 13160106,0,117,"$3,080.00",,"$290,339.70",8527,
09/03/2015,09/03/2015,0,DEP.EFECTIVO 116501073,0,1424,"$1,044.50",,"$291,384.20",8528,
09/03/2015,09/03/2015,0,DEP.EFECTIVO 13160107,0,117,"$1,980.50",,"$293,364.70",8529,
09/03/2015,09/03/2015,0,DEP.EFECTIVO 116501065,0,1424,"$1,365.50",,"$294,730.20",8530,
09/03/2015,09/03/2015,0,DEP.EFECTIVO 116501057,0,1424,"$3,444.50",,"$298,174.70",8531,
09/03/2015,09/03/2015,0,DEP.EFECTIVO 124901052,0,2104,"$3,366.50",,"$301,541.20",8532,
09/03/2015,09/03/2015,0,DEP.EFECTIVO 141001068,0,116,"$2,670.50",,"$304,211.70",8533,
09/03/2015,09/03/2015,0,DEP.EFECTIVO 123501069,0,2104,"$1,280.50",,"$305,492.20",8534,
09/03/2015,09/03/2015,0,DEP.EFECTIVO 14001050,0,116,"$1,475.50",,"$306,967.70",8535,
09/03/2015,09/03/2015,0,DEP.EFECTIVO 122701057,0,2325,"$1,460.00",,"$308,427.70",8536,
09/03/2015,09/03/2015,0,DEP.EFECTIVO 141001076,0,116,"$1,020.50",,"$309,448.20",8537,
09/03/2015,09/03/2015,0,DEP.EFECTIVO 123501077,0,2104,"$1,399.50",,"$310,847.70",8538,
09/03/2015,09/03/2015,0,DEP.EFECTIVO 113201068,0,2331,"$4,386.50",,"$315,234.20",8539,
09/03/2015,09/03/2015,0,DEP.EFECTIVO 122701065,0,2325,"$1,885.00",,"$317,119.20",8540,
09/03/2015,09/03/2015,0,DEP.EFECTIVO 123501051,0,2104,"$1,529.50",,"$318,648.70",8541,
09/03/2015,09/03/2015,0,DEP.EFECTIVO 122701073,0,2325,$884.00,,"$319,532.70",8542,
09/03/2015,09/03/2015,0,DEP.EFECTIVO 113201050,0,2331,"$2,388.50",,"$321,921.20",8543,
09/03/2015,09/03/2015,0,DEP.EFECTIVO 113201076,0,2331,"$2,246.00",,"$324,167.20",8544,
09/03/2015,09/03/2015,0,DEP.EFECTIVO 131013073,0,1508,$874.50,,"$325,041.70",8545,
09/03/2015,09/03/2015,0,DEP.EFECTIVO 107701057,0,2113,"$2,476.00",,"$327,517.70",8546,
09/03/2015,09/03/2015,0,DEP.EFECTIVO 107701073,0,2113,"$3,281.00",,"$330,798.70",8547,
09/03/2015,09/03/2015,0,DEP.EFECTIVO 131013057,0,1508,"$1,527.50",,"$332,326.20",8548,
09/03/2015,09/03/2015,0,DEP.EFECTIVO 119101073,0,2126,"$1,702.00",,"$334,028.20",8549,
09/03/2015,09/03/2015,0,DEP.EFECTIVO 119101065,0,2126,"$1,971.00",,"$335,999.20",8550,
09/03/2015,09/03/2015,0,DEP.EFECTIVO 107701065,0,2113,"$2,915.00",,"$338,914.20",8551,
09/03/2015,09/03/2015,0,DEP.EFECTIVO 131013065,0,1508,"$2,053.00",,"$340,967.20",8552,
09/03/2015,09/03/2015,0,DEP.EFECTIVO 119101057,0,2126,"$1,597.50",,"$342,564.70",8553,
09/03/2015,09/03/2015,0,DEP.EFECTIVO 129201017,0,295,"$2,011.00",,"$344,575.70",8554,
09/03/2015,09/03/2015,0,DEP.EFECTIVO 121701059,0,831,$583.50,,"$345,159.20",8555,
09/03/2015,09/03/2015,0,DEP.EFECTIVO 121701067,0,831,$252.00,,"$345,411.20",8556,
09/03/2015,09/03/2015,0,DEP.EFECTIVO 121701075,0,831,$788.00,,"$346,199.20",8557,
09/03/2015,09/03/2015,0,DEP.EFECTIVO 117901051,0,2067,"$1,048.00",,"$347,247.20",8558,
09/03/2015,09/03/2015,0,DEP.EFECTIVO 117901069,0,2067,"$1,952.00",,"$349,199.20",8559,
09/03/2015,09/03/2015,0,DEP.EFECTIVO 141601073,0,1938,$631.00,,"$349,830.20",8560,
09/03/2015,09/03/2015,0,DEP.EFECTIVO 103409051,0,82,$720.90,,"$350,551.10",8561,
09/03/2015,09/03/2015,0,DEP.EFECTIVO 117901077,0,2067,"$1,862.50",,"$352,413.60",8562,
09/03/2015,09/03/2015,0,DEP.EFECTIVO 141601057,0,1938,$958.50,,"$353,372.10",8563,
09/03/2015,09/03/2015,0,DEP.EFECTIVO 120501073,0,2382,"$1,061.00",,"$354,433.10",8564,
09/03/2015,09/03/2015,0,DEP.EFECTIVO 101333071,0,3682,"$1,833.80",,"$356,266.90",8565,
09/03/2015,09/03/2015,0,DEP.EFECTIVO 103409077,0,82,$861.25,,"$357,128.15",8566,
09/03/2015,09/03/2015,0,DEP.EFECTIVO 141601065,0,1938,"$1,105.50",,"$358,233.65",8567,
09/03/2015,09/03/2015,0,DEP.EFECTIVO 126301065,0,464,"$3,008.00",,"$361,241.65",8568,
09/03/2015,09/03/2015,0,DEP.EFECTIVO 120501065,0,2382,"$4,010.00",,"$365,251.65",8569,
09/03/2015,09/03/2015,0,DEP.EFECTIVO 101333055,0,3682,"$2,363.60",,"$367,615.25",8570,
09/03/2015,09/03/2015,0,DEP.EFECTIVO 126301073,0,464,"$1,666.00",,"$369,281.25",8571,
09/03/2015,09/03/2015,0,DEP.EFECTIVO 103409069,0,82,"$1,260.00",,"$370,541.25",8572,
09/03/2015,09/03/2015,0,DEP.EFECTIVO 101333063,0,3682,"$1,810.65",,"$372,351.90",8573,
09/03/2015,09/03/2015,0,DEP.EFECTIVO 126301057,0,464,"$3,121.50",,"$375,473.40",8574,
09/03/2015,09/03/2015,0,DEP.EFECTIVO 120501057,0,2382,"$2,391.00",,"$377,864.40",8575,
09/03/2015,09/03/2015,0,DEP.EFECTIVO 137601013,0,1470,"$2,121.00",,"$379,985.40",8576,
09/03/2015,09/03/2015,0,DEP.EFECTIVO 137601015,0,1470,"$2,508.00",,"$382,493.40",8577,
09/03/2015,09/03/2015,0,DEP.EFECTIVO 137601017,0,1470,"$3,715.50",,"$386,208.90",8578,
09/03/2015,09/03/2015,0,DEP.EFECTIVO 150401073,0,2043,"$1,278.50",,"$387,487.40",8579,
09/03/2015,09/03/2015,0,DEP.EFECTIVO 150401057,0,2043,"$2,568.00",,"$390,055.40",8580,
09/03/2015,09/03/2015,0,DEP.EFECTIVO 150401065,0,2043,"$2,826.00",,"$392,881.40",8581,
09/03/2015,09/03/2015,0,DEP.EFECTIVO 95401057,0,295,"$2,863.50",,"$395,744.90",8582,
09/03/2015,09/03/2015,0,DEP.EFECTIVO 95401065,0,295,"$3,949.50",,"$399,694.40",8583,
09/03/2015,09/03/2015,0,DEP.EFECTIVO 105122055,0,1976,"$2,059.50",,"$401,753.90",8584,
09/03/2015,09/03/2015,0,DEP.EFECTIVO 105122063,0,1976,"$1,616.50",,"$403,370.40",8585,
09/03/2015,09/03/2015,0,DEP.EFECTIVO 095401073,0,295,"$1,363.50",,"$404,733.90",8586,
09/03/2015,09/03/2015,0,DEP.EFECTIVO 1133010519,0,2043,"$3,309.00",,"$408,042.90",8587,
09/03/2015,09/03/2015,0,DEP.EFECTIVO 105122071,0,1976,"$1,047.50",,"$409,090.40",8588,
09/03/2015,09/03/2015,0,DEP.EFECTIVO 1133010679,0,2043,"$3,198.58",,"$412,288.98",8589,
09/03/2015,09/03/2015,0,DEP.EFECTIVO 1133010742,0,2043,"$3,489.00",,"$415,777.98",8590,
09/03/2015,09/03/2015,0,DEP.EFECTIVO 92508053,0,1188,"$3,223.00",,"$419,000.98",8591,
09/03/2015,09/03/2015,0,DEP.EFECTIVO 92508079,0,1188,"$3,076.00",,"$422,076.98",8592,
09/03/2015,09/03/2015,0,DEP.EFECTIVO 92508061,0,1188,"$3,566.00",,"$425,642.98",8593,
09/03/2015,09/03/2015,0,DEP.EFECTIVO 099101017,0,1934,"$4,059.00",,"$429,701.98",8594,
09/03/2015,09/03/2015,0,DEP.EFECTIVO 099101013,0,1934,"$1,251.50",,"$430,953.48",8595,
09/03/2015,09/03/2015,0,DEP.EFECTIVO 099101015,0,1934,"$3,107.50",,"$434,060.98",8596,
09/03/2015,09/03/2015,0,DEP.EFECTIVO,0,682,"$3,096.50",,"$437,157.48",8597,
09/03/2015,09/03/2015,0,ANUL.DEP.EFECTIVO,501,682,,"$3,096.50","$434,060.98",8598,
09/03/2015,09/03/2015,0,DEP.EFECTIVO 96901064,0,682,"$3,096.50",,"$437,157.48",8599,
09/03/2015,09/03/2015,0,DEP.EFECTIVO 96901056,0,682,"$2,217.50",,"$439,374.98",8600,
09/03/2015,09/03/2015,0,DEP.EFECTIVO 96901072,0,682,"$1,287.50",,"$440,662.48",8601,
09/03/2015,09/03/2015,0,DEP.EFECTIVO 104901056,0,2092,"$3,280.00",,"$443,942.48",8602,
09/03/2015,09/03/2015,0,DEP.EFECTIVO 104901064,0,2092,"$4,065.50",,"$448,007.98",8603,
09/03/2015,09/03/2015,0,DEP.EFECTIVO 104901072,0,2092,$742.00,,"$448,749.98",8604,
09/03/2015,09/03/2015,0,DEP.EFECTIVO 121801057,0,2547,"$1,113.30",,"$449,863.28",8605,
09/03/2015,09/03/2015,0,DEP.EFECTIVO 121801040,0,2547,"$1,241.50",,"$451,104.78",8606,
09/03/2015,09/03/2015,0,DEP.EFECTIVO 121801065,0,2547,"$1,048.00",,"$452,152.78",8607,
09/03/2015,09/03/2015,0,DEP.EFECTIVO 121801073,0,2547,$566.50,,"$452,719.28",8608,
09/03/2015,09/03/2015,0,DEP.EFECTIVO 112401057,0,8701,"$1,866.50",,"$454,585.78",8609,
09/03/2015,09/03/2015,0,DEP.EFECTIVO 112401065,0,8701,"$2,561.00",,"$457,146.78",8610,
09/03/2015,09/03/2015,0,DEP.EFECTIVO 112401073,0,8701,$727.00,,"$457,873.78",8611,
09/03/2015,09/03/2015,0,ANUL.DEP.EFECTIVO,501,8014,,"$4,570.50","$453,303.28",8612,
09/03/2015,09/03/2015,0,DEP.EFECTIVO 110501065,0,8014,"$4,570.50",,"$457,873.78",8613,
10/03/2015,10/03/2015,200,TRASPASO A CUENTA PROPIA,790,8846,,"$457,873.77",$0.01,8614,"IVA:00000000.00 , A LA CUENTA 0136679699, 200 AL R.F.C. FTI9211036K2"
10/03/2015,10/03/2015,0,DEP.EFECTIVO 137001015,0,2049,"$1,316.40",,"$1,316.41",8615,
10/03/2015,10/03/2015,0,DEP.EFECTIVO 102101014,0,706,"$1,795.50",,"$3,111.91",8616,
10/03/2015,10/03/2015,0,DEP.EFECTIVO 118701016,0,2314,"$1,895.00",,"$5,006.91",8617,
10/03/2015,10/03/2015,0,DEP.EFECTIVO 098301016,0,2314,"$5,666.00",,"$10,672.91",8618,
10/03/2015,10/03/2015,0,DEP.EFECTIVO 131801014,0,2102,"$5,295.50",,"$15,968.41",8619,
10/03/2015,10/03/2015,0,DEP.EFECTIVO 041201016,0,2325,"$4,172.00",,"$20,140.41",8620,
10/03/2015,10/03/2015,0,DEP.EFECTIVO 124301014,0,1474,"$5,306.00",,"$25,446.41",8621,
10/03/2015,10/03/2015,0,DEP.EFECTIVO 117901010,0,2067,"$2,036.00",,"$27,482.41",8622,
10/03/2015,10/03/2015,0,DEP.EFECTIVO 133448012,0,2460,"$4,467.00",,"$31,949.41",8623,
10/03/2015,10/03/2015,0,DEP.EFECTIVO 34602011,0,143,"$1,580.00",,"$33,529.41",8624,
10/03/2015,10/03/2015,0,DEP.EFECTIVO 117001019,0,2162,"$2,973.00",,"$36,502.41",8625,
10/03/2015,10/03/2015,0,DEP.EFECTIVO 117101017,0,456,"$2,819.00",,"$39,321.41",8626,
10/03/2015,10/03/2015,0,DEP.EFECTIVO 123601018,0,2306,"$1,555.50",,"$40,876.91",8627,
10/03/2015,10/03/2015,0,DEP.EFECTIVO 108204010,0,188,"$2,755.10",,"$43,632.01",8628,
10/03/2015,10/03/2015,0,DEP.EFECTIVO 103409010,0,7461,"$1,598.20",,"$45,230.21",8629,
10/03/2015,10/03/2015,0,DEP.EFECTIVO 104901015,0,463,"$4,570.50",,"$49,800.71",8630,
10/03/2015,10/03/2015,0,DEP.EFECTIVO 13807018,0,2605,"$2,640.00",,"$52,440.71",8631,
10/03/2015,10/03/2015,0,DEP.EFECTIVO 111024017,0,1490,"$1,749.50",,"$54,190.21",8632,
10/03/2015,10/03/2015,0,DEP.EFECTIVO 106414017,0,8014,"$1,901.30",,"$56,091.51",8633,
10/03/2015,10/03/2015,0,DEP.EFECTIVO 121201019,0,275,"$2,776.50",,"$58,868.01",8634,
10/03/2015,10/03/2015,0,DEP.EFECTIVO 113201019,0,2162,"$4,529.50",,"$63,397.51",8635,
10/03/2015,10/03/2015,0,DEP.EFECTIVO 124601074,0,116,"$3,474.00",,"$66,871.51",8636,
10/03/2015,10/03/2015,0,DEP.EFECTIVO 141001027,0,2009,"$2,546.00",,"$69,417.51",8637,
10/03/2015,10/03/2015,0,DEP.EFECTIVO 107701016,0,2162,"$2,418.50",,"$71,836.01",8638,
10/03/2015,10/03/2015,0,DEP.EFECTIVO 126301016,0,464,"$2,051.00",,"$73,887.01",8639,
10/03/2015,10/03/2015,0,DEP.EFECTIVO 33402017,0,52,$204.60,,"$74,091.61",8640,
10/03/2015,10/03/2015,0,DEP.EFECTIVO 133201015,0,2183,"$3,322.00",,"$77,413.61",8641,
10/03/2015,10/03/2015,0,DEP.EFECTIVO 104727011,0,3705,"$1,585.50",,"$78,999.11",8642,
10/03/2015,10/03/2015,0,DEP.EFECTIVO 122201016,0,2069,"$1,953.50",,"$80,952.61",8643,
10/03/2015,10/03/2015,0,DEP.EFECTIVO 1282030130,0,3190,"$1,795.00",,"$82,747.61",8644,
10/03/2015,10/03/2015,0,DEP.EFECTIVO 102914010,0,8015,"$4,273.00",,"$87,020.61",8645,
10/03/2015,10/03/2015,0,DEP.EFECTIVO 35102011,0,52,"$2,643.00",,"$89,663.61",8646,
10/03/2015,10/03/2015,0,DEP.EFECTIVO 96901015,0,2043,"$2,316.00",,"$91,979.61",8647,
10/03/2015,10/03/2015,0,DEP.EFECTIVO 122701016,0,2325,"$1,136.00",,"$93,115.61",8648,
10/03/2015,10/03/2015,0,DEP.EFECTIVO 150401016,0,2043,"$3,074.50",,"$96,190.11",8649,
10/03/2015,10/03/2015,0,DEP.EFECTIVO 141601016,0,1938,"$1,831.50",,"$98,021.61",8650,
10/03/2015,10/03/2015,0,DEP.EFECTIVO 120501016,0,2382,"$3,272.50",,"$101,294.11",8651,
10/03/2015,10/03/2015,0,DEP.EFECTIVO 117513013,0,1566,"$2,988.50",,"$104,282.61",8652,
10/03/2015,10/03/2015,0,DEP.EFECTIVO 123501010,0,2104,"$1,571.00",,"$105,853.61",8653,
10/03/2015,10/03/2015,0,DEP.EFECTIVO 124901011,0,2104,"$2,863.00",,"$108,716.61",8654,
10/03/2015,10/03/2015,0,DEP.EFECTIVO 1282030130,0,3190,$0.50,,"$108,717.11",8655,
10/03/2015,10/03/2015,0,DEP.EFECTIVO 1000300154,0,2552,"$2,799.00",,"$111,516.11",8656,
10/03/2015,10/03/2015,0,DEP.EFECTIVO 1145300172,0,2552,"$1,650.50",,"$113,166.61",8657,
10/03/2015,10/03/2015,0,DEP.EFECTIVO 91402019,0,727,"$1,912.10",,"$115,078.71",8658,
10/03/2015,10/03/2015,0,DEP.EFECTIVO 093001016,0,691,"$2,661.00",,"$117,739.71",8659,
10/03/2015,10/03/2015,0,DEP.EFECTIVO 119613019,0,7726,"$1,451.45",,"$119,191.16",8660,
10/03/2015,10/03/2015,0,DEP.EFECTIVO 119301016,0,1536,"$1,433.60",,"$120,624.76",8661,
10/03/2015,10/03/2015,0,DEP.EFECTIVO 094301016,0,1938,"$2,970.00",,"$123,594.76",8662,
10/03/2015,10/03/2015,0,DEP.EFECTIVO 96824019,0,1490,"$2,739.50",,"$126,334.26",8663,
10/03/2015,10/03/2015,0,DEPOSITO DE CUENTA DE TERCEROS,0,4253,$743.00,,"$127,077.26",8664,"DEPOSITO EFECTIVO OFICINA TELECOMM 30035, REFERENCIA CLIENTE 0000000000"
10/03/2015,10/03/2015,0,DEP.EFECTIVO 116501016,0,1424,"$4,110.00",,"$131,187.26",8665,
10/03/2015,10/03/2015,0,DEP.EFECTIVO 129201016,0,295,"$1,969.00",,"$133,156.26",8666,
10/03/2015,10/03/2015,0,DEP.EFECTIVO 133301013,0,274,"$3,127.00",,"$136,283.26",8667,
10/03/2015,10/03/2015,0,DEP.EFECTIVO 1133010170,0,2043,"$3,398.50",,"$139,681.76",8668,
10/03/2015,10/03/2015,0,DEP.EFECTIVO 111501014,0,2290,"$3,913.00",,"$143,594.76",8669,
10/03/2015,10/03/2015,0,DEP.EFECTIVO 99213012,0,648,"$2,743.00",,"$146,337.76",8670,
10/03/2015,10/03/2015,0,DEP.EFECTIVO 137601016,0,1470,"$3,515.70",,"$149,853.46",8671,
10/03/2015,10/03/2015,0,DEP.EFECTIVO 1209130110,0,1536,"$1,344.50",,"$151,197.96",8672,
10/03/2015,10/03/2015,0,DEP.EFECTIVO 92508012,0,3630,"$4,945.00",,"$156,142.96",8673,
10/03/2015,10/03/2015,0,DEP.EFECTIVO,0,20,"$3,023.70",,"$159,166.66",8674,
10/03/2015,10/03/2015,0,ANUL.DEP.EFECTIVO,501,20,,"$3,023.70","$156,142.96",8675,
10/03/2015,10/03/2015,0,DEP.EFECTIVO 1114130104,0,20,"$3,023.70",,"$159,166.66",8676,
10/03/2015,10/03/2015,0,DEP.EFECTIVO 121701018,0,831,$738.00,,"$159,904.66",8677,
10/03/2015,10/03/2015,0,DEP.EFECTIVO 13160101,0,2162,"$3,827.00",,"$163,731.66",8678,
10/03/2015,10/03/2015,0,DEP.EFECTIVO 101333014,0,3682,"$5,685.50",,"$169,417.16",8679,
10/03/2015,10/03/2015,0,DEP.EFECTIVO 98001053,0,2162,"$2,422.00",,"$171,839.16",8680,
10/03/2015,10/03/2015,0,DEP.EFECTIVO 98001061,0,2162,"$3,165.50",,"$175,004.66",8681,
10/03/2015,10/03/2015,0,DEP.EFECTIVO 98001079,0,2162,"$2,137.50",,"$177,142.16",8682,
10/03/2015,10/03/2015,0,DEP.EFECTIVO 099101016,0,1934,"$3,620.00",,"$180,762.16",8683,
10/03/2015,10/03/2015,0,DEP.EFECTIVO 98001012,0,2162,"$1,970.50",,"$182,732.66",8684,
10/03/2015,10/03/2015,0,DEP.EFECTIVO 102210013,0,8114,"$2,703.50",,"$185,436.16",8685,
10/03/2015,10/03/2015,0,DEP.EFECTIVO 108301016,0,3682,"$1,921.50",,"$187,357.66",8686,
10/03/2015,10/03/2015,0,DEP.EFECTIVO 119101016,0,2126,"$1,821.50",,"$189,179.16",8687,
10/03/2015,10/03/2015,0,DEP.EFECTIVO 121801016,0,2162,"$1,402.50",,"$190,581.66",8688,
10/03/2015,10/03/2015,0,DEP.EFECTIVO 095401016,0,295,"$2,210.50",,"$192,792.16",8689,
10/03/2015,10/03/2015,0,DEP.EFECTIVO 105122014,0,1976,"$2,632.00",,"$195,424.16",8690,
10/03/2015,10/03/2015,0,DEP.EFECTIVO 112401016,0,8717,"$1,285.00",,"$196,709.16",8691,
10/03/2015,10/03/2015,0,DEP.EFECTIVO 110501016,0,8014,"$4,666.50",,"$201,375.66",8692,
10/03/2015,10/03/2015,0,DEP.EFECTIVO 1090100144,0,8115,"$4,932.50",,"$206,308.16",8693,
11/03/2015,11/03/2015,0,DEP.EFECTIVO 133448020,0,2460,"$2,866.00",,"$209,174.16",8694,
11/03/2015,11/03/2015,0,DEP.EFECTIVO 102101022,0,706,"$3,246.00",,"$212,420.16",8695,
11/03/2015,11/03/2015,0,DEP.EFECTIVO 131801022,0,2102,"$5,186.40",,"$217,606.56",8696,
11/03/2015,11/03/2015,0,DEP.EFECTIVO 106414025,0,8014,"$1,128.50",,"$218,735.06",8697,
11/03/2015,11/03/2015,0,DEP.EFECTIVO 110501024,0,8014,"$4,793.00",,"$223,528.06",8698,
11/03/2015,11/03/2015,200,TRASPASO A CUENTA PROPIA,790,8846,,"$223,528.05",$0.01,8699,"IVA:00000000.00 , A LA CUENTA 0136679699, 200 AL R.F.C. FTI9211036K2"
11/03/2015,11/03/2015,0,DEP.EFECTIVO 102914028,0,8015,"$2,225.00",,"$2,225.01",8700,
11/03/2015,11/03/2015,0,DEP.EFECTIVO,0,166,"$1,788.00",,"$4,013.01",8701,
11/03/2015,11/03/2015,0,DEP.EFECTIVO 131013024,0,166,"$1,203.50",,"$5,216.51",8702,
11/03/2015,11/03/2015,0,DEP.EFECTIVO 124301022,0,1474,"$1,503.00",,"$6,719.51",8703,
11/03/2015,11/03/2015,0,DEP.EFECTIVO 117101025,0,1334,"$2,322.50",,"$9,042.01",8704,
11/03/2015,11/03/2015,0,DEP.EFECTIVO 108204028,0,188,"$2,309.20",,"$11,351.21",8705,
11/03/2015,11/03/2015,0,DEP.EFECTIVO 124601025,0,116,"$3,833.50",,"$15,184.71",8706,
11/03/2015,11/03/2015,0,DEP.EFECTIVO 108301024,0,3682,"$3,060.60",,"$18,245.31",8707,
11/03/2015,11/03/2015,0,DEP.EFECTIVO 1090100207,0,8113,"$4,636.50",,"$22,881.81",8708,
11/03/2015,11/03/2015,0,DEP.EFECTIVO 100300217,0,2552,"$2,425.50",,"$25,307.31",8709,
11/03/2015,11/03/2015,0,DEP.EFECTIVO 33402025,0,52,"$1,700.50",,"$27,007.81",8710,
11/03/2015,11/03/2015,0,DEP.EFECTIVO 123601026,0,2306,"$1,369.00",,"$28,376.81",8711,
11/03/2015,11/03/2015,0,ANUL.DEP.EFECTIVO 10030,501,2552,,"$2,425.50","$25,951.31",8712,
11/03/2015,11/03/2015,0,DEP.EFECTIVO 1000300217,0,2552,"$2,425.50",,"$28,376.81",8713,
11/03/2015,11/03/2015,0,DEP.EFECTIVO 34602029,0,52,"$1,445.50",,"$29,822.31",8714,
11/03/2015,11/03/2015,0,DEP.EFECTIVO 13807026,0,2605,"$3,565.00",,"$33,387.31",8715,
11/03/2015,11/03/2015,0,DEP.EFECTIVO 35102029,0,52,"$2,166.00",,"$35,553.31",8716,
11/03/2015,11/03/2015,0,DEP.EFECTIVO 1282030290,0,3190,"$1,556.00",,"$37,109.31",8717,
11/03/2015,11/03/2015,0,DEP.EFECTIVO 041201024,0,2325,"$4,935.00",,"$42,044.31",8718,
11/03/2015,11/03/2015,0,DEP.EFECTIVO 137001023,0,2049,"$1,343.50",,"$43,387.81",8719,
11/03/2015,11/03/2015,0,DEP.EFECTIVO 094301024,0,1938,"$2,248.00",,"$45,635.81",8720,
11/03/2015,11/03/2015,0,DEP.EFECTIVO 92508020,0,3630,"$4,226.50",,"$49,862.31",8721,
11/03/2015,11/03/2015,0,DEP.EFECTIVO 118701024,0,2314,"$2,130.50",,"$51,992.81",8722,
11/03/2015,11/03/2015,0,DEP.EFECTIVO 098301024,0,2314,"$3,237.50",,"$55,230.31",8723,
11/03/2015,11/03/2015,0,DEP.EFECTIVO 120501024,0,2325,"$2,823.50",,"$58,053.81",8724,
11/03/2015,11/03/2015,0,DEP.EFECTIVO 104727029,0,3705,"$1,627.50",,"$59,681.31",8725,
11/03/2015,11/03/2015,0,DEP.EFECTIVO 1209130270,0,1536,"$1,856.00",,"$61,537.31",8726,
11/03/2015,11/03/2015,0,DEP.EFECTIVO 1145300235,0,2552,"$1,308.00",,"$62,845.31",8727,
11/03/2015,11/03/2015,0,DEP.EFECTIVO 13160102,0,117,"$3,065.50",,"$65,910.81",8728,
11/03/2015,11/03/2015,0,DEP.EFECTIVO 121201027,0,275,"$2,510.50",,"$68,421.31",8729,
11/03/2015,11/03/2015,0,DEP.EFECTIVO 133201023,0,2183,"$1,825.00",,"$70,246.31",8730,
11/03/2015,11/03/2015,0,DEP.EFECTIVO 116501024,0,1424,"$2,691.00",,"$72,937.31",8731,
11/03/2015,11/03/2015,0,DEP.EFECTIVO 137601014,0,1470,"$3,680.00",,"$76,617.31",8732,
11/03/2015,11/03/2015,0,DEP.EFECTIVO 122701024,0,2325,"$1,452.50",,"$78,069.81",8733,
11/03/2015,11/03/2015,0,DEP.EFECTIVO 96824027,0,2605,"$3,816.00",,"$81,885.81",8734,
11/03/2015,11/03/2015,0,DEP.EFECTIVO 119613027,0,7726,"$1,244.40",,"$83,130.21",8735,
11/03/2015,11/03/2015,0,DEP.EFECTIVO 91402027,0,727,"$1,785.50",,"$84,915.71",8736,
11/03/2015,11/03/2015,0,DEP.EFECTIVO 124901029,0,2104,"$2,247.00",,"$87,162.71",8737,
11/03/2015,11/03/2015,0,DEP.EFECTIVO 111024025,0,1490,"$2,594.50",,"$89,757.21",8738,
11/03/2015,11/03/2015,0,DEP.EFECTIVO 123501028,0,2104,"$1,557.00",,"$91,314.21",8739,
11/03/2015,11/03/2015,0,DEP.EFECTIVO 117901028,0,2067,"$2,543.00",,"$93,857.21",8740,
11/03/2015,11/03/2015,0,DEP.EFECTIVO 141001027,0,2009,"$2,006.50",,"$95,863.71",8741,
11/03/2015,11/03/2015,0,DEP.EFECTIVO 104901023,0,2092,"$3,431.50",,"$99,295.21",8742,
11/03/2015,11/03/2015,0,DEP.EFECTIVO 102210021,0,8114,"$2,894.00",,"$102,189.21",8743,
11/03/2015,11/03/2015,0,DEP.EFECTIVO 111501022,0,2290,"$3,704.50",,"$105,893.71",8744,
11/03/2015,11/03/2015,0,DEP.EFECTIVO 119101024,0,2126,"$1,318.00",,"$107,211.71",8745,
11/03/2015,11/03/2015,0,DEPOSITO DE CUENTA DE TERCEROS,0,4253,$816.00,,"$108,027.71",8746,"DEPOSITO EFECTIVO OFICINA TELECOMM 30035, REFERENCIA CLIENTE 0000000000"
11/03/2015,11/03/2015,0,DEP.EFECTIVO 121701026,0,831,"$1,001.50",,"$109,029.21",8747,
11/03/2015,11/03/2015,0,DEP.EFECTIVO 150401024,0,2043,"$3,591.00",,"$112,620.21",8748,
11/03/2015,11/03/2015,0,DEP.EFECTIVO 117513021,0,1566,"$3,016.50",,"$115,636.71",8749,
11/03/2015,11/03/2015,0,DEP.EFECTIVO 96901023,0,2043,"$2,635.00",,"$118,271.71",8750,
11/03/2015,11/03/2015,0,DEP.EFECTIVO 101333022,0,3682,"$2,870.50",,"$121,142.21",8751,
11/03/2015,11/03/2015,0,DEP.EFECTIVO 99213020,0,648,"$2,672.10",,"$123,814.31",8752,
11/03/2015,11/03/2015,0,DEP.EFECTIVO 093001024,0,691,"$3,862.00",,"$127,676.31",8753,
11/03/2015,11/03/2015,0,DEP.EFECTIVO 093001057,0,691,$20.00,,"$127,696.31",8754,
11/03/2015,11/03/2015,0,DEP.EFECTIVO 093001065,0,691,$20.00,,"$127,716.31",8755,
11/03/2015,11/03/2015,0,DEP.EFECTIVO 1133010233,0,2043,"$3,053.50",,"$130,769.81",8756,
11/03/2015,11/03/2015,0,DEP.EFECTIVO 122201014,0,2069,"$2,463.00",,"$133,232.81",8757,
11/03/2015,11/03/2015,0,DEP.EFECTIVO 117001027,0,2162,"$2,736.00",,"$135,968.81",8758,
11/03/2015,11/03/2015,0,DEP.EFECTIVO 113201027,0,2331,"$3,462.00",,"$139,430.81",8759,
11/03/2015,11/03/2015,0,DEP.EFECTIVO 133301021,0,274,"$2,219.50",,"$141,650.31",8760,
11/03/2015,11/03/2015,0,DEP.EFECTIVO 107701024,0,2270,"$3,705.00",,"$145,355.31",8761,
11/03/2015,11/03/2015,0,DEP.EFECTIVO 95401024,0,295,"$2,379.00",,"$147,734.31",8762,
11/03/2015,11/03/2015,0,DEP.EFECTIVO 141601024,0,1938,"$1,279.50",,"$149,013.81",8763,
11/03/2015,11/03/2015,0,DEP.EFECTIVO 126301024,0,464,"$2,937.00",,"$151,950.81",8764,
11/03/2015,11/03/2015,0,DEP.EFECTIVO 129201014,0,295,"$1,495.50",,"$153,446.31",8765,
11/03/2015,11/03/2015,0,DEP.EFECTIVO 1114130264,0,1974,"$3,300.00",,"$156,746.31",8766,
11/03/2015,11/03/2015,0,DEP.EFECTIVO 099101014,0,1934,"$4,562.00",,"$161,308.31",8767,
11/03/2015,11/03/2015,0,DEP.EFECTIVO 103409028,0,7450,"$1,543.90",,"$162,852.21",8768,
11/03/2015,11/03/2015,0,DEP.EFECTIVO 112401024,0,8717,"$1,527.00",,"$164,379.21",8769,
11/03/2015,11/03/2015,0,DEP.EFECTIVO 119301024,0,1536,"$2,152.60",,"$166,531.81",8770,
11/03/2015,11/03/2015,0,DEP.EFECTIVO 121801024,0,2331,"$1,177.50",,"$167,709.31",8771,
11/03/2015,11/03/2015,0,DEP.EFECTIVO 105122022,0,1976,"$2,512.00",,"$170,221.31",8772,
12/03/2015,12/03/2015,200,TRASPASO A CUENTA PROPIA,790,8846,,"$170,221.30",$0.01,8773,"IVA:00000000.00 , A LA CUENTA 0136679699, 200 AL R.F.C. FTI9211036K2"
12/03/2015,12/03/2015,0,DEP.EFECTIVO 102101030,0,706,"$2,114.00",,"$2,114.01",8774,
12/03/2015,12/03/2015,0,DEP.EFECTIVO 34602037,0,586,"$2,314.20",,"$4,428.21",8775,
12/03/2015,12/03/2015,0,DEP.EFECTIVO 117101033,0,1334,"$1,492.50",,"$5,920.71",8776,
12/03/2015,12/03/2015,0,DEP.EFECTIVO 133448038,0,2460,"$2,830.00",,"$8,750.71",8777,
12/03/2015,12/03/2015,0,DEP.EFECTIVO 137001031,0,451,"$1,761.50",,"$10,512.21",8778,
12/03/2015,12/03/2015,0,DEP.EFECTIVO 115901012,0,8013,"$4,318.00",,"$14,830.21",8779,
12/03/2015,12/03/2015,0,DEP.EFECTIVO 108204036,0,188,"$2,600.55",,"$17,430.76",8780,
12/03/2015,12/03/2015,0,DEP.EFECTIVO 121201035,0,275,"$1,790.50",,"$19,221.26",8781,
12/03/2015,12/03/2015,0,DEP.EFECTIVO 124301030,0,1474,"$2,452.00",,"$21,673.26",8782,
12/03/2015,12/03/2015,0,DEP.EFECTIVO 1090100367,0,8113,"$4,430.00",,"$26,103.26",8783,
12/03/2015,12/03/2015,0,DEP.EFECTIVO 1282030353,0,3190,"$1,176.50",,"$27,279.76",8784,
12/03/2015,12/03/2015,0,DEP.EFECTIVO 124601033,0,116,"$3,749.50",,"$31,029.26",8785,
12/03/2015,12/03/2015,0,DEP.EFECTIVO 35102037,0,52,"$2,177.00",,"$33,206.26",8786,
12/03/2015,12/03/2015,0,DEP.EFECTIVO 13807037,0,2605,"$2,034.50",,"$35,240.76",8787,
12/03/2015,12/03/2015,0,DEP.EFECTIVO 123601034,0,2306,$865.50,,"$36,106.26",8788,
12/03/2015,12/03/2015,0,DEP.EFECTIVO 106414033,0,8014,$836.00,,"$36,942.26",8789,
12/03/2015,12/03/2015,0,DEP.EFECTIVO 122201012,0,2069,"$2,815.00",,"$39,757.26",8790,
12/03/2015,12/03/2015,0,DEP.EFECTIVO 133301039,0,274,"$2,722.50",,"$42,479.76",8791,
12/03/2015,12/03/2015,0,DEP.EFECTIVO 96824035,0,1490,"$2,579.00",,"$45,058.76",8792,
12/03/2015,12/03/2015,0,DEP.EFECTIVO 041201032,0,2325,"$4,004.50",,"$49,063.26",8793,
12/03/2015,12/03/2015,0,DEP.EFECTIVO 111024033,0,1490,"$2,619.00",,"$51,682.26",8794,
12/03/2015,12/03/2015,0,DEP.EFECTIVO 1332201031,0,2183,"$2,617.00",,"$54,299.26",8795,
12/03/2015,12/03/2015,0,DEP.EFECTIVO 120501032,0,2325,"$3,403.00",,"$57,702.26",8796,
12/03/2015,12/03/2015,0,DEP.EFECTIVO 111501030,0,2290,"$2,489.50",,"$60,191.76",8797,
12/03/2015,12/03/2015,0,DEP.EFECTIVO 131801030,0,2102,"$5,710.00",,"$65,901.76",8798,
12/03/2015,12/03/2015,0,DEP.EFECTIVO 13160103,0,117,"$1,976.50",,"$67,878.26",8799,
12/03/2015,12/03/2015,0,ANUL.DEP.EFECTIVO 13807,501,2605,,"$2,034.50","$65,843.76",8800,
12/03/2015,12/03/2015,0,DEP.EFECTIVO 116501032,0,1424,"$3,173.00",,"$69,016.76",8801,
12/03/2015,12/03/2015,0,DEP.EFECTIVO 13807034,0,2605,"$2,034.50",,"$71,051.26",8802,
12/03/2015,12/03/2015,0,DEP.EFECTIVO 117513039,0,1566,"$2,872.20",,"$73,923.46",8803,
12/03/2015,12/03/2015,0,DEP.EFECTIVO 1000300377,0,2552,"$2,557.00",,"$76,480.46",8804,
12/03/2015,12/03/2015,0,DEP.EFECTIVO 110501032,0,8014,"$4,965.50",,"$81,445.96",8805,
12/03/2015,12/03/2015,0,DEP.EFECTIVO 1145300395,0,2552,"$1,618.50",,"$83,064.46",8806,
12/03/2015,12/03/2015,0,DEP.EFECTIVO 119613035,0,7726,"$1,057.50",,"$84,121.96",8807,
12/03/2015,12/03/2015,0,DEP.EFECTIVO 122701032,0,2325,"$1,260.00",,"$85,381.96",8808,
12/03/2015,12/03/2015,0,DEP.EFECTIVO 098301032,0,2314,"$4,582.00",,"$89,963.96",8809,
12/03/2015,12/03/2015,0,DEP.EFECTIVO 118701032,0,2314,"$1,360.50",,"$91,324.46",8810,
12/03/2015,12/03/2015,0,DEP.EFECTIVO 91402035,0,727,"$1,696.50",,"$93,020.96",8811,
12/03/2015,12/03/2015,0,DEP.EFECTIVO 124901037,0,2104,"$2,111.50",,"$95,132.46",8812,
12/03/2015,12/03/2015,0,DEP.EFECTIVO 104727037,0,3705,"$1,561.00",,"$96,693.46",8813,
12/03/2015,12/03/2015,0,DEPOSITO DE CUENTA DE TERCEROS,0,4253,"$1,567.50",,"$98,260.96",8814,"DEPOSITO EFECTIVO OFICINA TELECOMM 30035, REFERENCIA CLIENTE 0000000000"
12/03/2015,12/03/2015,0,DEP.EFECTIVO 33402033,0,52,"$2,603.00",,"$100,863.96",8815,
12/03/2015,12/03/2015,0,DEP.EFECTIVO 102914036,0,8015,"$1,884.00",,"$102,747.96",8816,
12/03/2015,12/03/2015,0,DEP.EFECTIVO,0,8114,"$2,567.00",,"$105,314.96",8817,
12/03/2015,12/03/2015,0,DEP.EFECTIVO 141001035,0,2009,"$1,285.50",,"$106,600.46",8818,
12/03/2015,12/03/2015,0,ANUL.DEP.EFECTIVO,501,8114,,"$2,567.00","$104,033.46",8819,
12/03/2015,12/03/2015,0,DEP.EFECTIVO 102210039,0,8114,"$2,567.00",,"$106,600.46",8820,
12/03/2015,12/03/2015,0,DEP.EFECTIVO 129201012,0,295,"$2,135.50",,"$108,735.96",8821,
12/03/2015,12/03/2015,0,DEP.EFECTIVO 094301032,0,1938,"$2,848.00",,"$111,583.96",8822,
12/03/2015,12/03/2015,0,DEP.EFECTIVO 093001032,0,691,"$3,829.00",,"$115,412.96",8823,
12/03/2015,12/03/2015,0,DEP.EFECTIVO 141601032,0,1938,"$1,976.50",,"$117,389.46",8824,
12/03/2015,12/03/2015,0,DEP.EFECTIVO 108301032,0,3682,"$2,811.10",,"$120,200.56",8825,
12/03/2015,12/03/2015,0,DEP.EFECTIVO 101333030,0,3682,"$3,769.60",,"$123,970.16",8826,
12/03/2015,12/03/2015,0,DEP.EFECTIVO 137601012,0,1470,"$3,663.00",,"$127,633.16",8827,
12/03/2015,12/03/2015,0,DEP.EFECTIVO 121701034,0,831,$453.00,,"$128,086.16",8828,
12/03/2015,12/03/2015,0,DEP.EFECTIVO 131013032,0,166,"$1,420.50",,"$129,506.66",8829,
12/03/2015,12/03/2015,0,DEP.EFECTIVO 117901036,0,2067,"$1,447.00",,"$130,953.66",8830,
12/03/2015,12/03/2015,0,DEP.EFECTIVO 113201035,0,2331,"$2,252.00",,"$133,205.66",8831,
12/03/2015,12/03/2015,0,DEP.EFECTIVO 92508038,0,3630,"$4,050.00",,"$137,255.66",8832,
12/03/2015,12/03/2015,0,DEP.EFECTIVO 1209130333,0,1536,"$1,315.00",,"$138,570.66",8833,
12/03/2015,12/03/2015,0,DEP.EFECTIVO 1133010393,0,2043,"$3,220.00",,"$141,790.66",8834,
12/03/2015,12/03/2015,0,DEP.EFECTIVO 1114130327,0,1974,"$1,956.00",,"$143,746.66",8835,
12/03/2015,12/03/2015,0,DEP.EFECTIVO 099101012,0,1934,"$4,882.50",,"$148,629.16",8836,
12/03/2015,12/03/2015,0,DEP.EFECTIVO 96901031,0,2043,"$4,133.50",,"$152,762.66",8837,
12/03/2015,12/03/2015,0,DEP.EFECTIVO 150401032,0,2043,"$3,125.50",,"$155,888.16",8838,
12/03/2015,12/03/2015,0,DEP.EFECTIVO 117001035,0,274,"$2,335.65",,"$158,223.81",8839,
12/03/2015,12/03/2015,0,DEP.EFECTIVO 126301032,0,464,"$2,743.50",,"$160,967.31",8840,
12/03/2015,12/03/2015,0,DEP.EFECTIVO 99213038,0,648,"$1,932.00",,"$162,899.31",8841,
12/03/2015,12/03/2015,0,DEP.EFECTIVO 107701032,0,507,"$2,235.00",,"$165,134.31",8842,
12/03/2015,12/03/2015,0,DEP.EFECTIVO 95401032,0,295,"$2,400.50",,"$167,534.81",8843,
12/03/2015,12/03/2015,0,DEP.EFECTIVO 119301032,0,1536,"$1,306.00",,"$168,840.81",8844,
12/03/2015,12/03/2015,0,DEP.EFECTIVO 123501036,0,2104,"$1,162.50",,"$170,003.31",8845,
12/03/2015,12/03/2015,0,DEP.EFECTIVO 119101032,0,2126,"$2,076.00",,"$172,079.31",8846,
12/03/2015,12/03/2015,0,DEP.EFECTIVO,0,7461,$749.70,,"$172,829.01",8847,
12/03/2015,12/03/2015,0,ANUL.DEP.EFECTIVO,501,7461,,$749.70,"$172,079.31",8848,
12/03/2015,12/03/2015,0,DEP.EFECTIVO 103409036,0,7461,$749.70,,"$172,829.01",8849,
12/03/2015,12/03/2015,0,DEP.EFECTIVO 98001020,0,2096,"$2,289.00",,"$175,118.01",8850,
12/03/2015,12/03/2015,0,DEP.EFECTIVO 98001038,0,2096,"$2,425.00",,"$177,543.01",8851,
12/03/2015,12/03/2015,0,DEP.EFECTIVO 105122030,0,1976,"$2,428.00",,"$179,971.01",8852,
12/03/2015,12/03/2015,0,DEP.EFECTIVO 104901031,0,2092,"$3,098.50",,"$183,069.51",8853,
12/03/2015,12/03/2015,0,DEP.EFECTIVO 112401032,0,8701,"$1,852.00",,"$184,921.51",8854,
12/03/2015,12/03/2015,0,DEP.EFECTIVO 121801032,0,2547,"$1,514.50",,"$186,436.01",8855,
13/03/2015,13/03/2015,200,TRASPASO A CUENTA PROPIA,790,8846,,"$186,436.00",$0.01,8856,"IVA:00000000.00 , A LA CUENTA 0136679699, 200 AL R.F.C. FTI9211036K2"
13/03/2015,13/03/2015,0,DEP.EFECTIVO 117001043,0,274,"$2,582.50",,"$2,582.51",8857,
13/03/2015,13/03/2015,0,DEP.EFECTIVO 112401049,0,8717,"$1,130.00",,"$3,712.51",8858,
13/03/2015,13/03/2015,0,DEP.EFECTIVO 102101048,0,706,"$1,827.50",,"$5,540.01",8859,
13/03/2015,13/03/2015,0,DEP.EFECTIVO 1282030416,0,3190,$729.00,,"$6,269.01",8860,
13/03/2015,13/03/2015,0,DEP.EFECTIVO 102914044,0,8015,"$1,492.50",,"$7,761.51",8861,
13/03/2015,13/03/2015,0,DEP.EFECTIVO 133448046,0,2460,"$3,688.50",,"$11,450.01",8862,
13/03/2015,13/03/2015,0,DEP.EFECTIVO 098301049,0,2314,"$3,048.00",,"$14,498.01",8863,
13/03/2015,13/03/2015,0,DEP.EFECTIVO 108204044,0,188,"$2,908.30",,"$17,406.31",8864,
13/03/2015,13/03/2015,0,DEP.EFECTIVO 133301047,0,274,"$1,836.00",,"$19,242.31",8865,
13/03/2015,13/03/2015,0,DEP.EFECTIVO 124601041,0,116,"$3,967.00",,"$23,209.31",8866,
13/03/2015,13/03/2015,0,DEP.EFECTIVO 094301049,0,1938,"$1,795.00",,"$25,004.31",8867,
13/03/2015,13/03/2015,0,DEP.EFECTIVO 33402041,0,52,"$2,095.00",,"$27,099.31",8868,
13/03/2015,13/03/2015,0,DEP.EFECTIVO 13807042,0,2605,"$2,438.50",,"$29,537.81",8869,
13/03/2015,13/03/2015,0,DEP.EFECTIVO 141001043,0,2009,"$1,212.00",,"$30,749.81",8870,
13/03/2015,13/03/2015,0,DEP.EFECTIVO,0,52,"$2,542.00",,"$33,291.81",8871,
13/03/2015,13/03/2015,0,DEP.EFECTIVO 123601042,0,2306,$788.00,,"$34,079.81",8872,
13/03/2015,13/03/2015,0,DEP.EFECTIVO 118701049,0,2314,"$2,056.00",,"$36,135.81",8873,
13/03/2015,13/03/2015,0,DEP.EFECTIVO 117901044,0,2067,"$1,660.50",,"$37,796.31",8874,
13/03/2015,13/03/2015,0,DEP.EFECTIVO 133201049,0,2183,"$1,538.50",,"$39,334.81",8875,
13/03/2015,13/03/2015,0,DEP.EFECTIVO 104901049,0,2092,"$3,714.00",,"$43,048.81",8876,
13/03/2015,13/03/2015,0,DEP.EFECTIVO 115901061,0,8013,$432.50,,"$43,481.31",8877,
13/03/2015,13/03/2015,0,DEP.EFECTIVO 122701049,0,2325,"$1,525.00",,"$45,006.31",8878,
13/03/2015,13/03/2015,0,DEP.EFECTIVO 131801048,0,2102,"$6,003.50",,"$51,009.81",8879,
13/03/2015,13/03/2015,0,DEP.EFECTIVO 96901049,0,2043,"$3,091.60",,"$54,101.41",8880,
13/03/2015,13/03/2015,0,DEP.EFECTIVO 34602045,0,143,"$1,958.40",,"$56,059.81",8881,
13/03/2015,13/03/2015,0,DEP.EFECTIVO 1000300440,0,2552,"$1,801.50",,"$57,861.31",8882,
13/03/2015,13/03/2015,0,DEP.EFECTIVO,0,3705,$868.50,,"$58,729.81",8883,
13/03/2015,13/03/2015,0,DEP.EFECTIVO 13160104,0,117,"$3,555.00",,"$62,284.81",8884,
13/03/2015,13/03/2015,0,DEP.EFECTIVO 124301048,0,1474,"$3,653.60",,"$65,938.41",8885,
13/03/2015,13/03/2015,0,DEP.EFECTIVO 122201019,0,2069,"$2,355.00",,"$68,293.41",8886,
13/03/2015,13/03/2015,0,DEP.EFECTIVO 117513047,0,1566,"$2,000.60",,"$70,294.01",8887,
13/03/2015,13/03/2015,0,DEP.EFECTIVO 96824043,0,1490,"$3,325.00",,"$73,619.01",8888,
13/03/2015,13/03/2015,0,DEP.EFECTIVO 111024041,0,1490,"$3,161.50",,"$76,780.51",8889,
13/03/2015,13/03/2015,0,DEP.EFECTIVO 137001049,0,451,$134.50,,"$76,915.01",8890,
13/03/2015,17/03/2015,0,CHQ.LOCAL 048970 137001049,6,451,$946.51,,"$77,861.52",8891,BCO :0044 CTA. 0000106104673 NO.CHEQUE 0000048970
13/03/2015,13/03/2015,0,DEP.EFECTIVO 1145300458,0,2552,"$1,334.00",,"$79,195.52",8892,
13/03/2015,13/03/2015,0,DEP.EFECTIVO 91402043,0,727,"$1,393.00",,"$80,588.52",8893,
13/03/2015,13/03/2015,0,DEP.EFECTIVO 126301049,0,464,"$1,886.50",,"$82,475.02",8894,
13/03/2015,13/03/2015,0,DEPOSITO DE CUENTA DE TERCEROS,0,4253,$583.00,,"$83,058.02",8895,"DEPOSITO EFECTIVO OFICINA TELECOMM 30035, REFERENCIA CLIENTE 0000000000"
13/03/2015,13/03/2015,0,DEP.EFECTIVO 131013040,0,166,$917.00,,"$83,975.02",8896,
13/03/2015,13/03/2015,0,DEP.EFECTIVO 119613043,0,7726,$856.30,,"$84,831.32",8897,
13/03/2015,13/03/2015,0,DEP.EFECTIVO 129201019,0,295,"$2,019.00",,"$86,850.32",8898,
13/03/2015,13/03/2015,0,DEP.EFECTIVO 1090100430,0,8117,"$4,692.50",,"$91,542.82",8899,
13/03/2015,13/03/2015,0,DEP.EFECTIVO 103409044,0,7450,$879.80,,"$92,422.62",8900,
13/03/2015,13/03/2015,0,DEP.EFECTIVO 116501049,0,1424,"$2,878.00",,"$95,300.62",8901,
13/03/2015,13/03/2015,0,DEP.EFECTIVO 108301049,0,3682,"$1,406.60",,"$96,707.22",8902,
13/03/2015,13/03/2015,0,DEP.EFECTIVO 121201043,0,275,"$2,679.00",,"$99,386.22",8903,
13/03/2015,13/03/2015,0,DEP.EFECTIVO 113201043,0,2331,"$4,491.50",,"$103,877.72",8904,
13/03/2015,13/03/2015,0,DEP.EFECTIVO 111501048,0,2290,"$2,908.50",,"$106,786.22",8905,
13/03/2015,13/03/2015,0,DEP.EFECTIVO 121701042,0,831,$918.50,,"$107,704.72",8906,
13/03/2015,13/03/2015,0,DEP.EFECTIVO 102210047,0,8114,"$3,544.50",,"$111,249.22",8907,
13/03/2015,13/03/2015,0,DEP.EFECTIVO 123501044,0,2104,"$1,808.00",,"$113,057.22",8908,
13/03/2015,13/03/2015,0,DEP.EFECTIVO 041201049,0,2325,"$3,546.50",,"$116,603.72",8909,
13/03/2015,13/03/2015,0,DEP.EFECTIVO 124901045,0,2104,"$3,438.00",,"$120,041.72",8910,
13/03/2015,13/03/2015,0,DEP.EFECTIVO 137601019,0,1470,"$2,460.50",,"$122,502.22",8911,
13/03/2015,13/03/2015,0,DEP.EFECTIVO 117101041,0,1334,"$2,069.00",,"$124,571.22",8912,
13/03/2015,13/03/2015,0,DEP.EFECTIVO 1133010456,0,2043,"$3,806.50",,"$128,377.72",8913,
13/03/2015,13/03/2015,0,DEP.EFECTIVO 119301049,0,1536,"$1,471.00",,"$129,848.72",8914,
13/03/2015,13/03/2015,0,DEP.EFECTIVO 150401040,0,2043,"$3,098.00",,"$132,946.72",8915,
13/03/2015,13/03/2015,0,DEP.EFECTIVO,0,1536,$741.50,,"$133,688.22",8916,
13/03/2015,13/03/2015,0,DEP.EFECTIVO 141601049,0,1938,"$1,331.50",,"$135,019.72",8917,
13/03/2015,13/03/2015,0,DEP.EFECTIVO 101333048,0,3682,"$4,599.40",,"$139,619.12",8918,
13/03/2015,13/03/2015,0,DEP.EFECTIVO 99213046,0,648,"$3,728.50",,"$143,347.62",8919,
13/03/2015,13/03/2015,0,DEP.EFECTIVO 093001049,0,691,"$2,344.00",,"$145,691.62",8920,
13/03/2015,13/03/2015,0,DEP.EFECTIVO 92508046,0,3630,"$2,999.50",,"$148,691.12",8921,
13/03/2015,13/03/2015,0,DEP.EFECTIVO 107701040,0,507,"$1,698.00",,"$150,389.12",8922,
13/03/2015,13/03/2015,0,DEP.EFECTIVO 95401049,0,295,"$1,729.50",,"$152,118.62",8923,
13/03/2015,13/03/2015,0,DEP.EFECTIVO 120501049,0,2325,"$4,177.00",,"$156,295.62",8924,
13/03/2015,13/03/2015,0,ANUL.DEP.EFECTIVO,501,3705,,$868.50,"$155,427.12",8925,
13/03/2015,13/03/2015,0,DEP.EFECTIVO 104727045,0,3705,$868.50,,"$156,295.62",8926,
13/03/2015,13/03/2015,0,ANUL.DEP.EFECTIVO,501,1536,,$741.50,"$155,554.12",8927,
13/03/2015,13/03/2015,0,DEP.EFECTIVO 1209130493,0,1536,$741.50,,"$156,295.62",8928,
13/03/2015,13/03/2015,0,DEP.EFECTIVO 119101049,0,2126,"$1,273.50",,"$157,569.12",8929,
13/03/2015,13/03/2015,0,DEP.EFECTIVO 099101019,0,1934,"$3,404.50",,"$160,973.62",8930,
13/03/2015,13/03/2015,0,DEP.EFECTIVO 105122048,0,1976,"$3,081.00",,"$164,054.62",8931,
13/03/2015,13/03/2015,0,DEP.EFECTIVO 106414041,0,8014,"$1,157.00",,"$165,211.62",8932,
13/03/2015,13/03/2015,0,DEP.EFECTIVO 121801040,0,2547,"$1,165.00",,"$166,376.62",8933,
13/03/2015,13/03/2015,0,DEP.EFECTIVO 110501049,0,8014,"$3,573.50",,"$169,950.12",8934,
13/03/2015,13/03/2015,0,DEP.EFECTIVO 115901053,0,8012,"$1,298.50",,"$171,248.62",8935,
14/03/2015,17/03/2015,0,DEP.EFECTIVO 98001046,0,2096,"$2,201.00",,"$173,449.62",8936,
14/03/2015,17/03/2015,0,DEP.EFECTIVO 108204051,0,188,"$2,685.50",,"$176,135.12",8937,
14/03/2015,17/03/2015,0,DEP.EFECTIVO 13807059,0,2605,"$2,236.50",,"$178,371.62",8938,
14/03/2015,17/03/2015,0,DEP.EFECTIVO 133448053,0,2460,"$2,204.00",,"$180,575.62",8939,
14/03/2015,17/03/2015,0,DEP.EFECTIVO 116501057,0,1424,"$4,034.00",,"$184,609.62",8940,
14/03/2015,17/03/2015,0,DEP.EFECTIVO 111024058,0,1490,"$3,238.00",,"$187,847.62",8941,
14/03/2015,17/03/2015,0,DEP.EFECTIVO 117513054,0,1566,"$3,352.50",,"$191,200.12",8942,
17/03/2015,17/03/2015,0,DEP.EFECTIVO 102101063,0,706,"$2,529.50",,"$193,729.62",8943,
17/03/2015,17/03/2015,0,DEP.EFECTIVO 102101014,0,706,"$1,309.50",,"$195,039.12",8944,
17/03/2015,17/03/2015,0,DEP.EFECTIVO 102101055,0,706,"$3,218.50",,"$198,257.62",8945,
17/03/2015,17/03/2015,0,DEP.EFECTIVO 102101071,0,706,$640.30,,"$198,897.92",8946,
17/03/2015,17/03/2015,0,DEP.EFECTIVO 041201065,0,2325,"$1,961.50",,"$200,859.42",8947,
17/03/2015,17/03/2015,0,DEP.EFECTIVO 041201057,0,2325,"$2,827.00",,"$203,686.42",8948,
17/03/2015,17/03/2015,0,DEP.EFECTIVO 041201016,0,2325,"$4,042.30",,"$207,728.72",8949,
17/03/2015,17/03/2015,0,DEP.EFECTIVO 041201073,0,2325,"$1,704.50",,"$209,433.22",8950,
17/03/2015,17/03/2015,200,TRASPASO A CUENTA PROPIA,790,8846,,"$202,739.91","$6,693.31",8951,"IVA:00000000.00 , A LA CUENTA 0136679699, 200 AL R.F.C. FTI9211036K2"
17/03/2015,17/03/2015,0,DEP.EFECTIVO 98001053,0,2096,"$1,877.80",,"$8,571.11",8952,
17/03/2015,17/03/2015,0,DEP.EFECTIVO 98001079,0,2096,"$1,601.50",,"$10,172.61",8953,
17/03/2015,17/03/2015,0,DEP.EFECTIVO 98001012,0,2096,"$2,105.00",,"$12,277.61",8954,
17/03/2015,17/03/2015,0,DEP.EFECTIVO 98001061,0,2096,"$2,218.00",,"$14,495.61",8955,
17/03/2015,17/03/2015,0,DEP.EFECTIVO 113201050,0,2331,"$3,484.50",,"$17,980.11",8956,
17/03/2015,17/03/2015,0,DEP.EFECTIVO 113201068,0,2331,"$3,415.00",,"$21,395.11",8957,
17/03/2015,17/03/2015,0,DEP.EFECTIVO 113201076,0,2331,"$2,128.00",,"$23,523.11",8958,
17/03/2015,17/03/2015,0,DEP.EFECTIVO 124601074,0,2009,"$1,123.80",,"$24,646.91",8959,
17/03/2015,17/03/2015,0,DEP.EFECTIVO 113201019,0,2331,$382.50,,"$25,029.41",8960,
17/03/2015,17/03/2015,0,DEP.EFECTIVO 124601066,0,2009,"$4,812.00",,"$29,841.41",8961,
17/03/2015,17/03/2015,0,DEP.EFECTIVO 124601058,0,2009,"$3,981.50",,"$33,822.91",8962,
17/03/2015,17/03/2015,0,DEP.EFECTIVO 13807067,0,2605,"$3,775.50",,"$37,598.41",8963,
17/03/2015,17/03/2015,0,DEP.EFECTIVO 124601074,0,2009,"$1,585.50",,"$39,183.91",8964,
17/03/2015,17/03/2015,0,DEP.EFECTIVO 13807075,0,2605,$287.50,,"$39,471.41",8965,
17/03/2015,17/03/2015,0,DEP.EFECTIVO 133448061,0,2460,"$1,985.00",,"$41,456.41",8966,
17/03/2015,17/03/2015,0,DEP.EFECTIVO 133448079,0,2460,$828.00,,"$42,284.41",8967,
17/03/2015,17/03/2015,0,DEP.EFECTIVO 133448012,0,2460,$457.30,,"$42,741.71",8968,
17/03/2015,17/03/2015,0,DEPOSITO DE CUENTA DE TERCEROS,0,4253,"$1,558.00",,"$44,299.71",8969,"DEPOSITO EFECTIVO OFICINA TELECOMM 30035, REFERENCIA CLIENTE 0000000000"
17/03/2015,17/03/2015,0,DEPOSITO DE CUENTA DE TERCEROS,0,4253,$453.00,,"$44,752.71",8970,"DEPOSITO EFECTIVO OFICINA TELECOMM 30035, REFERENCIA CLIENTE 0000000000"
17/03/2015,17/03/2015,0,DEPOSITO DE CUENTA DE TERCEROS,0,4253,"$1,072.50",,"$45,825.21",8971,"DEPOSITO EFECTIVO OFICINA TELECOMM 30035, REFERENCIA CLIENTE 0000000000"
17/03/2015,17/03/2015,0,DEPOSITO DE CUENTA DE TERCEROS,0,4253,$79.40,,"$45,904.61",8972,"DEPOSITO EFECTIVO OFICINA TELECOMM 30035, REFERENCIA CLIENTE 0000000000"
17/03/2015,17/03/2015,0,DEP.EFECTIVO 34602060,0,52,"$2,313.00",,"$48,217.61",8973,
17/03/2015,17/03/2015,0,DEP.EFECTIVO 34602052,0,52,"$1,581.30",,"$49,798.91",8974,
17/03/2015,17/03/2015,0,DEP.EFECTIVO 34602078,0,52,$521.00,,"$50,319.91",8975,
17/03/2015,17/03/2015,0,DEP.EFECTIVO 34602011,0,52,$280.00,,"$50,599.91",8976,
17/03/2015,17/03/2015,0,DEP.EFECTIVO 117101074,0,1334,"$1,595.50",,"$52,195.41",8977,
17/03/2015,17/03/2015,0,DEP.EFECTIVO 117101017,0,1334,$637.80,,"$52,833.21",8978,
17/03/2015,17/03/2015,0,DEP.EFECTIVO 117101058,0,1334,"$2,134.00",,"$54,967.21",8979,
17/03/2015,17/03/2015,0,DEP.EFECTIVO 117101068,0,1334,"$2,517.00",,"$57,484.21",8980,
17/03/2015,17/03/2015,0,DEP.EFECTIVO 106414058,0,8014,"$2,462.00",,"$59,946.21",8981,
17/03/2015,17/03/2015,0,DEP.EFECTIVO 106414066,0,8014,"$1,584.00",,"$61,530.21",8982,
17/03/2015,17/03/2015,0,DEP.EFECTIVO 106414074,0,8014,"$1,314.70",,"$62,844.91",8983,
17/03/2015,17/03/2015,0,DEP.EFECTIVO 106414017,0,8014,$287.82,,"$63,132.73",8984,
17/03/2015,17/03/2015,0,DEP.EFECTIVO 123601059,0,2306,"$1,342.00",,"$64,474.73",8985,
17/03/2015,17/03/2015,0,DEP.EFECTIVO 123601067,0,2306,$746.70,,"$65,221.43",8986,
17/03/2015,17/03/2015,0,DEP.EFECTIVO 123601075,0,2306,$889.00,,"$66,110.43",8987,
17/03/2015,17/03/2015,0,DEP.EFECTIVO 116501016,0,1424,"$1,529.00",,"$67,639.43",8988,
17/03/2015,17/03/2015,0,DEP.EFECTIVO 116501065,0,1424,"$1,738.00",,"$69,377.43",8989,
17/03/2015,17/03/2015,0,DEP.EFECTIVO 116501073,0,1424,$847.00,,"$70,224.43",8990,
17/03/2015,17/03/2015,0,DEP.EFECTIVO 33402058,0,52,"$3,146.50",,"$73,370.93",8991,
17/03/2015,17/03/2015,0,DEP.EFECTIVO 33402066,0,52,"$3,398.50",,"$76,769.43",8992,
17/03/2015,17/03/2015,0,DEP.EFECTIVO 33402074,0,52,"$1,788.50",,"$78,557.93",8993,
17/03/2015,17/03/2015,0,DEP.EFECTIVO 33402017,0,52,"$1,343.00",,"$79,900.93",8994,
17/03/2015,17/03/2015,0,DEP.EFECTIVO 111501063,0,2290,"$2,757.30",,"$82,658.23",8995,
17/03/2015,17/03/2015,0,DEP.EFECTIVO 111501071,0,2290,"$3,287.80",,"$85,946.03",8996,
17/03/2015,17/03/2015,0,DEP.EFECTIVO 111501055,0,2290,"$3,219.00",,"$89,165.03",8997,
17/03/2015,17/03/2015,0,DEP.EFECTIVO 96824050,0,1490,"$3,129.50",,"$92,294.53",8998,
17/03/2015,17/03/2015,0,DEP.EFECTIVO 96824068,0,1490,"$3,465.00",,"$95,759.53",8999,
17/03/2015,17/03/2015,0,DEP.EFECTIVO 96824076,0,1490,$805.00,,"$96,564.53",9000,
17/03/2015,17/03/2015,0,DEP.EFECTIVO 96824019,0,1490,$924.20,,"$97,488.73",9001,
17/03/2015,17/03/2015,0,DEP.EFECTIVO 117513062,0,1508,"$3,830.50",,"$101,319.23",9002,
17/03/2015,17/03/2015,0,DEP.EFECTIVO 111024017,0,1490,$944.50,,"$102,263.73",9003,
17/03/2015,17/03/2015,0,DEP.EFECTIVO 117513070,0,1508,"$2,701.50",,"$104,965.23",9004,
17/03/2015,17/03/2015,0,DEP.EFECTIVO 111024066,0,1490,"$2,939.50",,"$107,904.73",9005,
17/03/2015,17/03/2015,0,DEP.EFECTIVO 111024074,0,1490,"$1,238.50",,"$109,143.23",9006,
17/03/2015,17/03/2015,0,DEP.EFECTIVO 121701059,0,831,$893.10,,"$110,036.33",9007,
17/03/2015,17/03/2015,0,DEP.EFECTIVO 121701067,0,831,$937.00,,"$110,973.33",9008,
17/03/2015,17/03/2015,0,DEP.EFECTIVO 121701075,0,831,"$1,417.50",,"$112,390.83",9009,
17/03/2015,17/03/2015,0,DEP.EFECTIVO 121701018,0,831,$99.62,,"$112,490.45",9010,
17/03/2015,17/03/2015,0,DEP.EFECTIVO 110501057,0,8014,"$4,721.00",,"$117,211.45",9011,
17/03/2015,17/03/2015,0,DEP.EFECTIVO 119101065,0,2126,"$2,405.00",,"$119,616.45",9012,
17/03/2015,17/03/2015,0,DEP.EFECTIVO 110501065,0,8014,"$3,319.00",,"$122,935.45",9013,
17/03/2015,17/03/2015,0,DEP.EFECTIVO 119101073,0,2126,"$2,381.00",,"$125,316.45",9014,
17/03/2015,17/03/2015,0,DEP.EFECTIVO 1282030130,0,3190,"$2,127.50",,"$127,443.95",9015,
17/03/2015,17/03/2015,0,DEP.EFECTIVO 110501073,0,8014,$918.00,,"$128,361.95",9016,
17/03/2015,17/03/2015,0,DEP.EFECTIVO 119101057,0,2126,"$1,038.00",,"$129,399.95",9017,
17/03/2015,17/03/2015,0,DEP.EFECTIVO 110501016,0,8014,$465.20,,"$129,865.15",9018,
17/03/2015,17/03/2015,0,DEP.EFECTIVO 119101016,0,2126,$465.50,,"$130,330.65",9019,
17/03/2015,17/03/2015,0,DEP.EFECTIVO 1282030639,0,3190,$955.50,,"$131,286.15",9020,
17/03/2015,17/03/2015,0,DEP.EFECTIVO 1282030576,0,3190,"$1,190.00",,"$132,476.15",9021,
17/03/2015,17/03/2015,0,DEP.EFECTIVO 1282030799,0,3190,"$1,085.50",,"$133,561.65",9022,
17/03/2015,17/03/2015,0,DEP.EFECTIVO 094301073,0,1938,"$1,150.00",,"$134,711.65",9023,
17/03/2015,17/03/2015,0,DEP.EFECTIVO 123601018,0,2306,$228.80,,"$134,940.45",9024,
17/03/2015,17/03/2015,0,DEP.EFECTIVO 094301057,0,1938,"$2,087.50",,"$137,027.95",9025,
17/03/2015,17/03/2015,0,DEP.EFECTIVO 094301016,0,1938,"$1,130.40",,"$138,158.35",9026,
17/03/2015,17/03/2015,0,DEP.EFECTIVO 094301065,0,1938,"$2,382.00",,"$140,540.35",9027,
17/03/2015,17/03/2015,0,DEP.EFECTIVO 137601017,0,1470,"$4,573.00",,"$145,113.35",9028,
17/03/2015,17/03/2015,0,DEP.EFECTIVO 098301073,0,2314,"$6,226.00",,"$151,339.35",9029,
17/03/2015,17/03/2015,0,DEP.EFECTIVO 098301065,0,2314,"$3,377.50",,"$154,716.85",9030,
17/03/2015,17/03/2015,0,DEP.EFECTIVO 137601015,0,1470,"$3,258.00",,"$157,974.85",9031,
17/03/2015,17/03/2015,0,DEP.EFECTIVO 098301057,0,2314,"$3,173.50",,"$161,148.35",9032,
17/03/2015,17/03/2015,0,DEP.EFECTIVO 137601013,0,1470,"$3,064.00",,"$164,212.35",9033,
17/03/2015,17/03/2015,0,DEP.EFECTIVO 102914051,0,8015,"$2,477.50",,"$166,689.85",9034,
17/03/2015,17/03/2015,0,DEP.EFECTIVO 098301016,0,2314,"$5,819.50",,"$172,509.35",9035,
17/03/2015,17/03/2015,0,DEP.EFECTIVO 137601016,0,1470,"$1,391.40",,"$173,900.75",9036,
17/03/2015,17/03/2015,0,DEP.EFECTIVO 0177351859,0,8015,"$1,949.00",,"$175,849.75",9037,
17/03/2015,17/03/2015,0,DEP.EFECTIVO 99213079,0,648,$959.60,,"$176,809.35",9038,
17/03/2015,17/03/2015,0,DEP.EFECTIVO 102914077,0,8015,"$1,827.50",,"$178,636.85",9039,
17/03/2015,17/03/2015,0,DEP.EFECTIVO 118701016,0,2314,"$1,508.37",,"$180,145.22",9040,
17/03/2015,17/03/2015,0,DEP.EFECTIVO 99213012,0,648,$350.35,,"$180,495.57",9041,
17/03/2015,17/03/2015,0,DEP.EFECTIVO 102914010,0,8015,$69.26,,"$180,564.83",9042,
17/03/2015,17/03/2015,0,DEP.EFECTIVO 118701073,0,2314,"$1,310.50",,"$181,875.33",9043,
17/03/2015,17/03/2015,0,DEP.EFECTIVO 99213053,0,648,"$2,421.10",,"$184,296.43",9044,
17/03/2015,17/03/2015,0,DEP.EFECTIVO 118701065,0,2314,"$2,677.50",,"$186,973.93",9045,
17/03/2015,17/03/2015,0,DEP.EFECTIVO 99213061,0,648,"$3,240.50",,"$190,214.43",9046,
17/03/2015,17/03/2015,0,DEP.EFECTIVO 118701057,0,2314,"$2,137.00",,"$192,351.43",9047,
17/03/2015,17/03/2015,0,DEP.EFECTIVO 121201050,0,275,"$2,617.50",,"$194,968.93",9048,
17/03/2015,17/03/2015,0,DEP.EFECTIVO 121201068,0,275,"$1,661.00",,"$196,629.93",9049,
17/03/2015,17/03/2015,0,DEP.EFECTIVO 121201076,0,275,$695.50,,"$197,325.43",9050,
17/03/2015,17/03/2015,0,DEP.EFECTIVO 121201019,0,275,$86.80,,"$197,412.23",9051,
17/03/2015,17/03/2015,0,DEP.EFECTIVO 1090100590,0,8117,"$4,338.30",,"$201,750.53",9052,
17/03/2015,17/03/2015,0,DEP.EFECTIVO 1090100653,0,8117,"$4,363.00",,"$206,113.53",9053,
17/03/2015,17/03/2015,0,DEP.EFECTIVO 1090100716,0,8117,"$1,496.50",,"$207,610.03",9054,
17/03/2015,17/03/2015,0,DEP.EFECTIVO 1090100144,0,8117,"$3,257.40",,"$210,867.43",9055,
17/03/2015,17/03/2015,0,DEP.EFECTIVO 095401057,0,295,"$2,559.50",,"$213,426.93",9056,
17/03/2015,17/03/2015,0,DEP.EFECTIVO 095401065,0,295,"$2,948.00",,"$216,374.93",9057,
17/03/2015,17/03/2015,0,DEP.EFECTIVO 095401073,0,295,"$1,481.00",,"$217,855.93",9058,
17/03/2015,17/03/2015,0,DEP.EFECTIVO 095401016,0,295,"$1,668.80",,"$219,524.73",9059,
17/03/2015,17/03/2015,0,ANUL.DEP.EFECTIVO 01773,501,8015,,"$1,949.00","$217,575.73",9060,
17/03/2015,17/03/2015,0,DEP.EFECTIVO 102914069,0,8015,"$1,949.00",,"$219,524.73",9061,
17/03/2015,17/03/2015,0,DEP.EFECTIVO 102210062,0,8114,"$2,556.00",,"$222,080.73",9062,
17/03/2015,17/03/2015,0,DEP.EFECTIVO 102210013,0,8114,$809.21,,"$222,889.94",9063,
17/03/2015,17/03/2015,0,DEP.EFECTIVO 102210070,0,8114,"$1,213.00",,"$224,102.94",9064,
17/03/2015,17/03/2015,0,DEP.EFECTIVO 1000300726,0,2552,"$1,189.00",,"$225,291.94",9065,
17/03/2015,17/03/2015,0,DEP.EFECTIVO 1000300503,0,2552,"$3,384.00",,"$228,675.94",9066,
17/03/2015,17/03/2015,0,DEP.EFECTIVO 102210054,0,8114,"$2,692.50",,"$231,368.44",9067,
17/03/2015,17/03/2015,0,DEP.EFECTIVO 1000300663,0,2552,"$2,539.00",,"$233,907.44",9068,
17/03/2015,17/03/2015,0,DEP.EFECTIVO 1000300154,0,2552,"$2,805.17",,"$236,712.61",9069,
17/03/2015,17/03/2015,0,DEP.EFECTIVO 117901051,0,2067,"$2,173.00",,"$238,885.61",9070,
17/03/2015,17/03/2015,0,DEP.EFECTIVO 117901010,0,2067,"$1,183.00",,"$240,068.61",9071,
17/03/2015,17/03/2015,0,DEP.EFECTIVO 117901077,0,2067,$480.80,,"$240,549.41",9072,
17/03/2015,17/03/2015,0,DEP.EFECTIVO 117901069,0,2067,"$2,036.00",,"$242,585.41",9073,
17/03/2015,17/03/2015,0,DEP.EFECTIVO 119301065,0,1508,"$1,787.00",,"$244,372.41",9074,
17/03/2015,17/03/2015,0,DEP.EFECTIVO 119301057,0,1508,"$1,741.00",,"$246,113.41",9075,
17/03/2015,17/03/2015,0,DEP.EFECTIVO,0,1508,$722.50,,"$246,835.91",9076,
17/03/2015,17/03/2015,0,DEP.EFECTIVO 137001056,0,451,$991.00,,"$247,826.91",9077,
17/03/2015,17/03/2015,0,ANUL.DEP.EFECTIVO,501,1508,,$722.50,"$247,104.41",9078,
17/03/2015,17/03/2015,0,DEP.EFECTIVO 119301073,0,1508,$722.50,,"$247,826.91",9079,
17/03/2015,17/03/2015,0,DEP.EFECTIVO 137001072,0,451,$683.50,,"$248,510.41",9080,
17/03/2015,17/03/2015,0,DEP.EFECTIVO 137001064,0,451,$638.50,,"$249,148.91",9081,
17/03/2015,17/03/2015,0,DEP.EFECTIVO 137001015,0,451,$306.80,,"$249,455.71",9082,
17/03/2015,17/03/2015,0,DEP.EFECTIVO 141601073,0,1938,"$1,625.00",,"$251,080.71",9083,
17/03/2015,17/03/2015,0,DEP.EFECTIVO 141001050,0,116,"$2,467.50",,"$253,548.21",9084,
17/03/2015,17/03/2015,0,DEP.EFECTIVO 141601057,0,1938,"$1,378.50",,"$254,926.71",9085,
17/03/2015,17/03/2015,0,DEP.EFECTIVO 133201056,0,2183,"$2,499.50",,"$257,426.21",9086,
17/03/2015,17/03/2015,0,DEP.EFECTIVO 141001068,0,116,"$2,054.50",,"$259,480.71",9087,
17/03/2015,17/03/2015,0,DEP.EFECTIVO 141601065,0,1938,$907.50,,"$260,388.21",9088,
17/03/2015,17/03/2015,0,DEP.EFECTIVO 133201064,0,2183,"$1,375.00",,"$261,763.21",9089,
17/03/2015,17/03/2015,0,DEP.EFECTIVO 141001076,0,116,"$2,266.50",,"$264,029.71",9090,
17/03/2015,17/03/2015,0,DEP.EFECTIVO 133201072,0,2183,$665.00,,"$264,694.71",9091,
17/03/2015,17/03/2015,0,DEP.EFECTIVO 141601016,0,1938,"$1,080.50",,"$265,775.21",9092,
17/03/2015,17/03/2015,0,DEP.EFECTIVO 133201015,0,2183,$72.80,,"$265,848.01",9093,
17/03/2015,17/03/2015,0,DEP.EFECTIVO 141001019,0,116,$965.80,,"$266,813.81",9094,
17/03/2015,17/03/2015,0,DEP.EFECTIVO 131801014,0,2102,"$1,364.30",,"$268,178.11",9095,
17/03/2015,17/03/2015,0,DEP.EFECTIVO 131801063,0,2102,"$3,366.50",,"$271,544.61",9096,
17/03/2015,17/03/2015,0,DEP.EFECTIVO 104727011,0,3705,$721.43,,"$272,266.04",9097,
17/03/2015,17/03/2015,0,DEP.EFECTIVO 131801055,0,2102,"$7,127.00",,"$279,393.04",9098,
17/03/2015,17/03/2015,0,DEP.EFECTIVO 131801071,0,2102,"$3,186.00",,"$282,579.04",9099,
17/03/2015,17/03/2015,0,DEP.EFECTIVO 104727052,0,3705,"$3,908.00",,"$286,487.04",9100,
17/03/2015,17/03/2015,0,DEP.EFECTIVO 1114130487,0,1974,"$3,149.30",,"$289,636.34",9101,
17/03/2015,17/03/2015,0,DEP.EFECTIVO 1114130613,0,1974,"$1,191.20",,"$290,827.54",9102,
17/03/2015,17/03/2015,0,DEP.EFECTIVO 104727078,0,3705,"$1,486.00",,"$292,313.54",9103,
17/03/2015,17/03/2015,0,DEP.EFECTIVO 1114130550,0,1974,"$1,942.60",,"$294,256.14",9104,
17/03/2015,17/03/2015,0,DEP.EFECTIVO 35102052,0,52,"$3,046.50",,"$297,302.64",9105,
17/03/2015,17/03/2015,0,DEP.EFECTIVO 104727060,0,3705,"$1,827.00",,"$299,129.64",9106,
17/03/2015,17/03/2015,0,DEP.EFECTIVO 1114130773,0,1974,"$2,340.00",,"$301,469.64",9107,
17/03/2015,17/03/2015,0,DEP.EFECTIVO 35102060,0,52,"$2,287.50",,"$303,757.14",9108,
17/03/2015,17/03/2015,0,DEP.EFECTIVO 35102078,0,52,"$1,452.00",,"$305,209.14",9109,
17/03/2015,17/03/2015,0,DEP.EFECTIVO 123501051,0,2104,"$1,323.00",,"$306,532.14",9110,
17/03/2015,17/03/2015,0,DEP.EFECTIVO 123501069,0,2104,"$2,272.50",,"$308,804.64",9111,
17/03/2015,17/03/2015,0,DEP.EFECTIVO 35102011,0,52,"$1,684.00",,"$310,488.64",9112,
17/03/2015,17/03/2015,0,DEP.EFECTIVO 123501077,0,2104,"$1,434.00",,"$311,922.64",9113,
17/03/2015,17/03/2015,0,DEP.EFECTIVO 12301010,0,2104,$840.50,,"$312,763.14",9114,
17/03/2015,17/03/2015,0,DEP.EFECTIVO 124901052,0,2104,"$2,690.50",,"$315,453.64",9115,
17/03/2015,17/03/2015,0,DEP.EFECTIVO 124901060,0,2104,"$1,469.00",,"$316,922.64",9116,
17/03/2015,17/03/2015,0,DEP.EFECTIVO 124901078,0,2104,"$2,445.50",,"$319,368.14",9117,
17/03/2015,17/03/2015,0,DEP.EFECTIVO 124901011,0,2104,"$1,613.00",,"$320,981.14",9118,
17/03/2015,17/03/2015,0,DEP.EFECTIVO 120501057,0,2162,"$4,281.50",,"$325,262.64",9119,
17/03/2015,17/03/2015,0,DEP.EFECTIVO 120501065,0,2162,"$4,324.00",,"$329,586.64",9120,
17/03/2015,17/03/2015,0,DEP.EFECTIVO 126301016,0,464,$470.80,,"$330,057.44",9121,
17/03/2015,17/03/2015,0,DEP.EFECTIVO 120501070,0,2162,"$1,517.00",,"$331,574.44",9122,
17/03/2015,17/03/2015,0,DEP.EFECTIVO 126301073,0,464,"$1,842.50",,"$333,416.94",9123,
17/03/2015,17/03/2015,0,DEP.EFECTIVO 120501016,0,2162,$638.80,,"$334,055.74",9124,
17/03/2015,17/03/2015,0,DEP.EFECTIVO 117001050,0,274,"$1,944.50",,"$336,000.24",9125,
17/03/2015,17/03/2015,0,DEP.EFECTIVO 126301065,0,464,"$2,413.00",,"$338,413.24",9126,
17/03/2015,17/03/2015,0,DEP.EFECTIVO 126301057,0,464,"$1,852.00",,"$340,265.24",9127,
17/03/2015,17/03/2015,0,ANUL.DEP.EFECTIVO 12050,501,2162,,"$1,517.00","$338,748.24",9128,
17/03/2015,17/03/2015,0,DEP.EFECTIVO 117001076,0,274,$357.00,,"$339,105.24",9129,
17/03/2015,17/03/2015,0,DEP.EFECTIVO 120501073,0,2162,"$1,517.00",,"$340,622.24",9130,
17/03/2015,17/03/2015,0,DEP.EFECTIVO 117001019,0,274,$31.30,,"$340,653.54",9131,
17/03/2015,17/03/2015,0,DEP.EFECTIVO 122201013,0,2162,"$2,486.50",,"$343,140.04",9132,
17/03/2015,17/03/2015,0,DEP.EFECTIVO 122201015,0,2162,"$2,482.00",,"$345,622.04",9133,
17/03/2015,17/03/2015,0,DEP.EFECTIVO 111501014,0,2290,"$2,359.00",,"$347,981.04",9134,
17/03/2015,17/03/2015,0,DEP.EFECTIVO 122201017,0,2162,"$2,219.60",,"$350,200.64",9135,
17/03/2015,17/03/2015,0,DEP.EFECTIVO 122201016,0,2162,"$2,095.30",,"$352,295.94",9136,
17/03/2015,17/03/2015,0,DEP.EFECTIVO 91402019,0,727,"$2,300.47",,"$354,596.41",9137,
17/03/2015,17/03/2015,0,DEP.EFECTIVO 91402050,0,727,$850.00,,"$355,446.41",9138,
17/03/2015,17/03/2015,0,DEP.EFECTIVO 91402068,0,727,"$3,188.40",,"$358,634.81",9139,
17/03/2015,17/03/2015,0,DEP.EFECTIVO 91402076,0,727,"$1,331.00",,"$359,965.81",9140,
17/03/2015,17/03/2015,0,ANUL.DEP.EFECTIVO 12301,501,2104,,$840.50,"$359,125.31",9141,
17/03/2015,17/03/2015,0,DEP.EFECTIVO 123501010,0,2104,$840.50,,"$359,965.81",9142,
17/03/2015,17/03/2015,0,DEP.EFECTIVO 92508061,0,3630,"$5,214.50",,"$365,180.31",9143,
17/03/2015,17/03/2015,0,DEP.EFECTIVO 92508079,0,3630,"$3,644.00",,"$368,824.31",9144,
17/03/2015,17/03/2015,0,DEP.EFECTIVO 92508053,0,3630,"$4,251.50",,"$373,075.81",9145,
17/03/2015,17/03/2015,0,DEP.EFECTIVO 92508012,0,3630,"$4,155.50",,"$377,231.31",9146,
17/03/2015,17/03/2015,0,DEP.EFECTIVO 093001016,0,691,"$2,633.00",,"$379,864.31",9147,
17/03/2015,17/03/2015,0,DEP.EFECTIVO 093001057,0,691,"$2,157.60",,"$382,021.91",9148,
17/03/2015,17/03/2015,0,DEP.EFECTIVO,0,2113,"$2,285.50",,"$384,307.41",9149,
17/03/2015,17/03/2015,0,DEP.EFECTIVO 093001065,0,691,"$4,213.00",,"$388,520.41",9150,
17/03/2015,17/03/2015,0,DEP.EFECTIVO 107701057,0,2113,"$1,410.00",,"$389,930.41",9151,
17/03/2015,17/03/2015,0,DEP.EFECTIVO 093001057,0,691,"$4,025.00",,"$393,955.41",9152,
17/03/2015,17/03/2015,0,DEP.EFECTIVO 107701073,0,2113,"$2,963.00",,"$396,918.41",9153,
17/03/2015,17/03/2015,0,DEP.EFECTIVO 107701016,0,2113,"$1,350.30",,"$398,268.71",9154,
17/03/2015,17/03/2015,0,ANUL.DEP.EFECTIVO,501,2113,,"$2,285.50","$395,983.21",9155,
17/03/2015,17/03/2015,0,DEP.EFECTIVO 124301014,0,1474,"$1,399.80",,"$397,383.01",9156,
17/03/2015,17/03/2015,0,DEP.EFECTIVO 107701065,0,2113,"$2,285.50",,"$399,668.51",9157,
17/03/2015,17/03/2015,0,DEP.EFECTIVO 124301071,0,1474,"$2,063.50",,"$401,732.01",9158,
17/03/2015,17/03/2015,0,DEP.EFECTIVO,0,20,"$2,146.50",,"$403,878.51",9159,
17/03/2015,17/03/2015,0,DEP.EFECTIVO 124301063,0,1474,"$4,310.50",,"$408,189.01",9160,
17/03/2015,17/03/2015,0,DEP.EFECTIVO 150401057,0,2043,"$3,231.00",,"$411,420.01",9161,
17/03/2015,17/03/2015,0,DEP.EFECTIVO 124301055,0,1474,"$2,326.00",,"$413,746.01",9162,
17/03/2015,17/03/2015,0,DEP.EFECTIVO 150401073,0,2043,"$1,182.50",,"$414,928.51",9163,
17/03/2015,17/03/2015,0,DEP.EFECTIVO 150401016,0,2043,$437.50,,"$415,366.01",9164,
17/03/2015,17/03/2015,0,DEP.EFECTIVO 150401065,0,2043,"$2,661.50",,"$418,027.51",9165,
17/03/2015,17/03/2015,0,ANUL.DEP.EFECTIVO,501,20,,"$2,146.50","$415,881.01",9166,
17/03/2015,17/03/2015,0,DEP.EFECTIVO 129201013,0,295,"$2,311.50",,"$418,192.51",9167,
17/03/2015,17/03/2015,0,DEP.EFECTIVO 131013065,0,20,"$2,146.50",,"$420,339.01",9168,
17/03/2015,17/03/2015,0,DEP.EFECTIVO 129201013,0,295,$833.80,,"$421,172.81",9169,
17/03/2015,17/03/2015,0,DEP.EFECTIVO 131013073,0,20,$917.00,,"$422,089.81",9170,
17/03/2015,17/03/2015,0,DEP.EFECTIVO 131013057,0,20,"$1,250.50",,"$423,340.31",9171,
17/03/2015,17/03/2015,0,DEP.EFECTIVO 129201017,0,295,"$2,141.50",,"$425,481.81",9172,
17/03/2015,17/03/2015,0,DEP.EFECTIVO 131013016,0,20,$1.80,,"$425,483.61",9173,
17/03/2015,17/03/2015,0,DEP.EFECTIVO 129201015,0,295,"$2,183.00",,"$427,666.61",9174,
17/03/2015,17/03/2015,0,DEP.EFECTIVO 1145300681,0,2552,"$1,687.50",,"$429,354.11",9175,
17/03/2015,17/03/2015,0,DEP.EFECTIVO 108204069,0,188,"$1,772.30",,"$431,126.41",9176,
17/03/2015,17/03/2015,0,DEP.EFECTIVO 1145300521,0,2552,"$2,414.10",,"$433,540.51",9177,
17/03/2015,17/03/2015,0,DEP.EFECTIVO 108204077,0,188,"$1,180.30",,"$434,720.81",9178,
17/03/2015,17/03/2015,0,DEP.EFECTIVO 1145300744,0,2552,"$1,855.50",,"$436,576.31",9179,
17/03/2015,17/03/2015,0,DEP.EFECTIVO 108204010,0,188,"$1,547.20",,"$438,123.51",9180,
17/03/2015,17/03/2015,0,DEP.EFECTIVO 101333014,0,3682,"$1,711.23",,"$439,834.74",9181,
17/03/2015,17/03/2015,0,DEP.EFECTIVO 1145300172,0,2552,"$2,141.75",,"$441,976.49",9182,
17/03/2015,17/03/2015,0,DEP.EFECTIVO 105122055,0,1976,"$2,643.50",,"$444,619.99",9183,
17/03/2015,17/03/2015,0,DEP.EFECTIVO 101333055,0,3682,"$4,204.60",,"$448,824.59",9184,
17/03/2015,17/03/2015,0,DEP.EFECTIVO 105122063,0,1976,"$1,614.50",,"$450,439.09",9185,
17/03/2015,17/03/2015,0,DEP.EFECTIVO 101333071,0,3682,"$2,635.40",,"$453,074.49",9186,
17/03/2015,17/03/2015,0,DEP.EFECTIVO 105122071,0,1976,"$1,234.50",,"$454,308.99",9187,
17/03/2015,17/03/2015,0,DEP.EFECTIVO 96901064,0,2043,"$5,406.50",,"$459,715.49",9188,
17/03/2015,17/03/2015,0,DEP.EFECTIVO 96901072,0,2043,"$2,261.00",,"$461,976.49",9189,
17/03/2015,17/03/2015,0,DEP.EFECTIVO 101333063,0,3682,"$3,399.00",,"$465,375.49",9190,
17/03/2015,17/03/2015,0,DEP.EFECTIVO 96901056,0,2043,"$3,406.00",,"$468,781.49",9191,
17/03/2015,17/03/2015,0,DEP.EFECTIVO 96901015,0,2043,"$1,156.00",,"$469,937.49",9192,
17/03/2015,17/03/2015,0,DEP.EFECTIVO 121801057,0,2162,$990.50,,"$470,927.99",9193,
17/03/2015,17/03/2015,0,DEP.EFECTIVO 121801065,0,2162,"$1,091.70",,"$472,019.69",9194,
17/03/2015,17/03/2015,0,DEP.EFECTIVO 121801073,0,2162,$485.50,,"$472,505.19",9195,
17/03/2015,17/03/2015,0,DEP.EFECTIVO 121801016,0,2162,$253.10,,"$472,758.29",9196,
17/03/2015,17/03/2015,0,DEP.EFECTIVO 104901056,0,463,"$1,606.50",,"$474,364.79",9197,
17/03/2015,17/03/2015,0,DEP.EFECTIVO 104901072,0,463,$473.50,,"$474,838.29",9198,
17/03/2015,17/03/2015,0,DEP.EFECTIVO 119613076,0,7726,$685.60,,"$475,523.89",9199,
17/03/2015,17/03/2015,0,DEP.EFECTIVO 104901064,0,463,"$4,934.50",,"$480,458.39",9200,
17/03/2015,17/03/2015,0,DEP.EFECTIVO 119613050,0,7726,"$1,218.75",,"$481,677.14",9201,
17/03/2015,17/03/2015,0,DEP.EFECTIVO 13160106,0,2162,"$3,731.50",,"$485,408.64",9202,
17/03/2015,17/03/2015,0,DEP.EFECTIVO 119613068,0,7726,$848.70,,"$486,257.34",9203,
17/03/2015,17/03/2015,0,DEP.EFECTIVO 13160107,0,2162,"$2,037.50",,"$488,294.84",9204,
17/03/2015,17/03/2015,0,DEP.EFECTIVO 13160101,0,2162,"$1,258.60",,"$489,553.44",9205,
17/03/2015,17/03/2015,0,DEP.EFECTIVO 13160105,0,2162,"$2,016.00",,"$491,569.44",9206,
17/03/2015,17/03/2015,0,DEP.EFECTIVO 1209130779,0,1508,$685.00,,"$492,254.44",9207,
17/03/2015,17/03/2015,0,DEP.EFECTIVO 1209130556,0,1508,"$1,302.00",,"$493,556.44",9208,
17/03/2015,17/03/2015,0,DEP.EFECTIVO 1209130619,0,1508,"$1,173.50",,"$494,729.94",9209,
17/03/2015,17/03/2015,0,DEP.EFECTIVO 099101016,0,2162,"$1,278.00",,"$496,007.94",9210,
17/03/2015,17/03/2015,0,DEP.EFECTIVO 099101013,0,2162,"$1,305.50",,"$497,313.44",9211,
17/03/2015,17/03/2015,0,DEP.EFECTIVO 099101017,0,2162,"$4,002.50",,"$501,315.94",9212,
17/03/2015,17/03/2015,0,DEP.EFECTIVO 91402043,0,727,$20.00,,"$501,335.94",9213,
17/03/2015,17/03/2015,0,DEP.EFECTIVO 099101015,0,2162,"$3,955.50",,"$505,291.44",9214,
17/03/2015,17/03/2015,0,DEP.EFECTIVO 133301070,0,2162,$759.50,,"$506,050.94",9215,
17/03/2015,17/03/2015,0,DEP.EFECTIVO 133301062,0,2162,"$1,384.00",,"$507,434.94",9216,
17/03/2015,17/03/2015,0,DEP.EFECTIVO 133301054,0,2162,"$2,425.00",,"$509,859.94",9217,
17/03/2015,17/03/2015,0,DEP.EFECTIVO 1133010519,0,2043,"$2,985.00",,"$512,844.94",9218,
17/03/2015,17/03/2015,0,DEP.EFECTIVO 117001068,0,2162,"$2,514.50",,"$515,359.44",9219,
17/03/2015,17/03/2015,0,DEP.EFECTIVO 1133010170,0,2043,"$1,126.00",,"$516,485.44",9220,
17/03/2015,17/03/2015,0,DEP.EFECTIVO 1133010742,0,2043,"$4,965.50",,"$521,450.94",9221,
17/03/2015,17/03/2015,0,DEP.EFECTIVO 1133010679,0,2043,"$2,366.00",,"$523,816.94",9222,
17/03/2015,17/03/2015,0,DEP.EFECTIVO 122701073,0,2162,"$1,347.50",,"$525,164.44",9223,
17/03/2015,17/03/2015,0,DEP.EFECTIVO 122701016,0,2162,"$1,103.00",,"$526,267.44",9224,
17/03/2015,17/03/2015,0,DEP.EFECTIVO 122701065,0,2162,"$1,424.50",,"$527,691.94",9225,
17/03/2015,17/03/2015,0,DEP.EFECTIVO 122701057,0,2162,"$1,624.50",,"$529,316.44",9226,
17/03/2015,17/03/2015,0,DEP.EFECTIVO 108301016,0,3682,$548.30,,"$529,864.74",9227,
17/03/2015,17/03/2015,0,DEP.EFECTIVO,0,7450,"$1,024.10",,"$530,888.84",9228,
17/03/2015,17/03/2015,0,DEP.EFECTIVO 108301073,0,3682,"$2,041.50",,"$532,930.34",9229,
17/03/2015,17/03/2015,0,DEP.EFECTIVO 108301065,0,3682,"$2,747.50",,"$535,677.84",9230,
17/03/2015,17/03/2015,0,DEP.EFECTIVO 108301057,0,3682,"$1,967.00",,"$537,644.84",9231,
17/03/2015,17/03/2015,0,ANUL.DEP.EFECTIVO,501,7450,,"$1,024.10","$536,620.74",9232,
17/03/2015,17/03/2015,0,DEP.EFECTIVO 103409077,0,7450,$734.55,,"$537,355.29",9233,
17/03/2015,17/03/2015,0,DEP.EFECTIVO,0,7450,"$1,024.10",,"$538,379.39",9234,
17/03/2015,17/03/2015,0,DEP.EFECTIVO 103409051,0,7450,"$1,024.10",,"$539,403.49",9235,
17/03/2015,17/03/2015,0,DEP.EFECTIVO 103409069,0,7450,"$1,948.45",,"$541,351.94",9236,
17/03/2015,17/03/2015,0,DEP.EFECTIVO 112401057,0,8701,"$1,967.00",,"$543,318.94",9237,
17/03/2015,17/03/2015,0,ANUL.DEP.EFECTIVO,501,7450,,"$1,024.10","$542,294.84",9238,
17/03/2015,17/03/2015,0,DEP.EFECTIVO 112401065,0,8701,"$1,821.50",,"$544,116.34",9239,
17/03/2015,17/03/2015,0,DEP.EFECTIVO 112401073,0,8701,$828.50,,"$544,944.84",9240,
17/03/2015,17/03/2015,0,DEP.EFECTIVO 112401016,0,8701,$697.00,,"$545,641.84",9241,
18/03/2015,18/03/2015,0,DEP.EFECTIVO 102101022,0,706,"$1,566.50",,"$547,208.34",9242,
18/03/2015,18/03/2015,200,TRASPASO A CUENTA PROPIA,790,8846,,"$547,208.33",$0.01,9243,"IVA:00000000.00 , A LA CUENTA 0136679699, 200 AL R.F.C. FTI9211036K2"
18/03/2015,18/03/2015,0,DEP.EFECTIVO 110501024,0,8014,"$3,057.00",,"$3,057.01",9244,
18/03/2015,18/03/2015,0,DEP.EFECTIVO 34602029,0,478,"$2,391.00",,"$5,448.01",9245,
18/03/2015,18/03/2015,0,DEP.EFECTIVO 121701026,0,831,$702.00,,"$6,150.01",9246,
18/03/2015,18/03/2015,0,DEP.EFECTIVO 106414025,0,8014,"$1,455.00",,"$7,605.01",9247,
18/03/2015,18/03/2015,0,DEP.EFECTIVO 1282030290,0,3190,"$1,276.00",,"$8,881.01",9248,
18/03/2015,18/03/2015,0,DEP.EFECTIVO 124901029,0,2104,"$4,308.00",,"$13,189.01",9249,
18/03/2015,18/03/2015,0,DEP.EFECTIVO 108204028,0,188,"$3,486.68",,"$16,675.69",9250,
18/03/2015,18/03/2015,0,DEP.EFECTIVO 123501028,0,2104,"$1,839.00",,"$18,514.69",9251,
18/03/2015,18/03/2015,0,DEP.EFECTIVO 102210021,0,8114,"$3,855.00",,"$22,369.69",9252,
18/03/2015,18/03/2015,0,DEP.EFECTIVO 101333022,0,3682,"$4,685.30",,"$27,054.99",9253,
18/03/2015,18/03/2015,0,DEP.EFECTIVO 124301022,0,2162,"$2,437.00",,"$29,491.99",9254,
18/03/2015,18/03/2015,0,DEP.EFECTIVO 123601026,0,2306,"$1,448.00",,"$30,939.99",9255,
18/03/2015,18/03/2015,0,DEP.EFECTIVO 104727029,0,3705,"$1,482.00",,"$32,421.99",9256,
18/03/2015,18/03/2015,0,DEP.EFECTIVO 35102029,0,52,"$1,077.70",,"$33,499.69",9257,
18/03/2015,19/03/2015,0,CHQ.LOCAL 016323 35102029,6,52,$731.00,,"$34,230.69",9258,BCO :0044 CTA. 0014504659449 NO.CHEQUE 0000016323
18/03/2015,18/03/2015,0,DEP.EFECTIVO 33402025,0,52,"$2,461.50",,"$36,692.19",9259,
18/03/2015,18/03/2015,0,DEP.EFECTIVO 13807026,0,2605,"$3,092.84",,"$39,785.03",9260,
18/03/2015,18/03/2015,0,DEP.EFECTIVO 124601025,0,116,"$4,013.05",,"$43,798.08",9261,
18/03/2015,18/03/2015,0,DEP.EFECTIVO 098301024,0,2314,"$3,695.00",,"$47,493.08",9262,
18/03/2015,18/03/2015,0,DEP.EFECTIVO 118701024,0,2314,"$2,061.00",,"$49,554.08",9263,
18/03/2015,18/03/2015,0,DEP.EFECTIVO 1090100207,0,8113,"$5,469.00",,"$55,023.08",9264,
18/03/2015,18/03/2015,0,DEP.EFECTIVO 133448020,0,2460,"$3,066.00",,"$58,089.08",9265,
18/03/2015,18/03/2015,0,DEP.EFECTIVO 117101025,0,1334,"$4,398.00",,"$62,487.08",9266,
18/03/2015,18/03/2015,0,DEP.EFECTIVO 1000300217,0,2552,"$3,957.00",,"$66,444.08",9267,
18/03/2015,18/03/2015,0,DEP.EFECTIVO 117001027,0,274,"$2,411.50",,"$68,855.58",9268,
18/03/2015,18/03/2015,0,DEP.EFECTIVO 131801022,0,2102,"$5,647.00",,"$74,502.58",9269,
18/03/2015,18/03/2015,0,DEP.EFECTIVO 141001027,0,2009,"$1,850.00",,"$76,352.58",9270,
18/03/2015,18/03/2015,0,DEP.EFECTIVO 111501022,0,2290,"$2,604.90",,"$78,957.48",9271,
18/03/2015,18/03/2015,0,DEP.EFECTIVO 094301024,0,1938,"$1,337.00",,"$80,294.48",9272,
18/03/2015,18/03/2015,0,DEP.EFECTIVO 92508020,0,3630,"$4,867.00",,"$85,161.48",9273,
18/03/2015,18/03/2015,0,DEP.EFECTIVO 116501024,0,1424,"$5,682.50",,"$90,843.98",9274,
18/03/2015,18/03/2015,0,DEP.EFECTIVO 093001024,0,691,"$3,875.40",,"$94,719.38",9275,
18/03/2015,18/03/2015,0,DEP.EFECTIVO 117901028,0,2067,"$1,618.00",,"$96,337.38",9276,
18/03/2015,18/03/2015,0,DEP.EFECTIVO 122701024,0,2382,"$1,751.50",,"$98,088.88",9277,
18/03/2015,18/03/2015,0,DEP.EFECTIVO 1145300235,0,2552,"$1,922.00",,"$100,010.88",9278,
18/03/2015,18/03/2015,0,DEP.EFECTIVO 150401024,0,2043,"$1,729.80",,"$101,740.68",9279,
18/03/2015,18/03/2015,0,DEP.EFECTIVO 107701024,0,2162,"$1,691.00",,"$103,431.68",9280,
18/03/2015,18/03/2015,0,DEP.EFECTIVO 119101024,0,2126,"$2,105.00",,"$105,536.68",9281,
18/03/2015,18/03/2015,0,DEP.EFECTIVO 120501024,0,2325,"$2,692.00",,"$108,228.68",9282,
18/03/2015,18/03/2015,0,DEP.EFECTIVO 041201024,0,2325,"$3,324.00",,"$111,552.68",9283,
18/03/2015,18/03/2015,0,DEPOSITO DE CUENTA DE TERCEROS,0,4253,"$1,253.50",,"$112,806.18",9284,"DEPOSITO EFECTIVO OFICINA TELECOMM 30035, REFERENCIA CLIENTE 0000000000"
18/03/2015,18/03/2015,0,DEP.EFECTIVO,0,1566,"$2,314.42",,"$115,120.60",9285,
18/03/2015,18/03/2015,0,DEP.EFECTIVO 102914028,0,8015,"$2,380.00",,"$117,500.60",9286,
18/03/2015,18/03/2015,0,DEP.EFECTIVO 119613027,0,7726,$698.77,,"$118,199.37",9287,
18/03/2015,18/03/2015,0,DEP.EFECTIVO 13160102,0,117,"$1,986.50",,"$120,185.87",9288,
18/03/2015,18/03/2015,0,DEP.EFECTIVO 119301024,0,1536,$151.00,,"$120,336.87",9289,
18/03/2015,18/03/2015,0,DEP.EFECTIVO 121201027,0,275,"$2,649.00",,"$122,985.87",9290,
18/03/2015,18/03/2015,0,DEP.EFECTIVO 133201023,0,360,"$2,586.50",,"$125,572.37",9291,
18/03/2015,18/03/2015,0,ANUL.DEP.EFECTIVO,501,1566,,"$2,314.42","$123,257.95",9292,
18/03/2015,18/03/2015,0,DEP.EFECTIVO 117513021,0,1566,"$2,314.42",,"$125,572.37",9293,
18/03/2015,18/03/2015,0,DEP.EFECTIVO 113201027,0,1189,"$3,358.00",,"$128,930.37",9294,
18/03/2015,18/03/2015,0,DEP.EFECTIVO 129201014,0,295,"$1,928.50",,"$130,858.87",9295,
18/03/2015,18/03/2015,0,DEP.EFECTIVO 91402027,0,727,"$3,095.50",,"$133,954.37",9296,
18/03/2015,18/03/2015,0,DEP.EFECTIVO 1114130264,0,1974,"$2,532.52",,"$136,486.89",9297,
18/03/2015,18/03/2015,0,DEP.EFECTIVO 111024025,0,2605,"$1,611.50",,"$138,098.39",9298,
18/03/2015,18/03/2015,0,DEP.EFECTIVO 99213020,0,648,"$4,285.50",,"$142,383.89",9299,
18/03/2015,18/03/2015,0,DEP.EFECTIVO 96824027,0,2605,"$4,799.00",,"$147,182.89",9300,
18/03/2015,18/03/2015,0,DEP.EFECTIVO 122201014,0,2069,"$2,420.00",,"$149,602.89",9301,
18/03/2015,18/03/2015,0,DEP.EFECTIVO 137001023,0,2009,"$1,131.50",,"$150,734.39",9302,
18/03/2015,18/03/2015,0,DEP.EFECTIVO 105122014,0,1976,"$2,328.50",,"$153,062.89",9303,
18/03/2015,18/03/2015,0,DEP.EFECTIVO 105122022,0,1976,"$1,920.50",,"$154,983.39",9304,
18/03/2015,18/03/2015,0,DEP.EFECTIVO 099101014,0,1934,"$4,421.00",,"$159,404.39",9305,
18/03/2015,18/03/2015,0,DEP.EFECTIVO 108301024,0,3682,"$2,636.70",,"$162,041.09",9306,
18/03/2015,18/03/2015,0,DEP.EFECTIVO 1133010233,0,2043,"$6,459.50",,"$168,500.59",9307,
18/03/2015,18/03/2015,0,DEP.EFECTIVO 095401024,0,295,"$3,259.50",,"$171,760.09",9308,
18/03/2015,18/03/2015,0,DEP.EFECTIVO 103409028,0,184,"$2,178.90",,"$173,938.99",9309,
18/03/2015,18/03/2015,0,DEP.EFECTIVO 141601024,0,1938,$981.00,,"$174,919.99",9310,
18/03/2015,18/03/2015,0,DEP.EFECTIVO 126301024,0,464,"$2,655.50",,"$177,575.49",9311,
18/03/2015,18/03/2015,0,DEP.EFECTIVO 131013024,0,647,"$1,419.50",,"$178,994.99",9312,
18/03/2015,18/03/2015,0,DEP.EFECTIVO 121802024,0,1938,"$1,589.20",,"$180,584.19",9313,
18/03/2015,18/03/2015,0,ANUL.DEP.EFECTIVO 12180,501,1938,,"$1,589.20","$178,994.99",9314,
18/03/2015,18/03/2015,0,DEP.EFECTIVO 133301021,0,274,"$3,744.00",,"$182,738.99",9315,
18/03/2015,18/03/2015,0,DEP.EFECTIVO 121801024,0,1938,"$1,589.20",,"$184,328.19",9316,
18/03/2015,18/03/2015,0,DEP.EFECTIVO 96901023,0,2043,"$2,773.50",,"$187,101.69",9317,
18/03/2015,18/03/2015,0,DEP.EFECTIVO 112401024,0,8717,"$1,772.00",,"$188,873.69",9318,
18/03/2015,18/03/2015,0,DEP.EFECTIVO 104901023,0,2092,"$4,067.42",,"$192,941.11",9319,
19/03/2015,19/03/2015,200,TRASPASO A CUENTA PROPIA,790,8846,,"$192,210.10",$731.01,9320,"IVA:00000000.00 , A LA CUENTA 0136679699, 200 AL R.F.C. FTI9211036K2"
19/03/2015,19/03/2015,0,DEP.EFECTIVO 102101030,0,706,"$1,927.50",,"$2,658.51",9321,
19/03/2015,19/03/2015,0,DEP.EFECTIVO 041201032,0,2325,"$3,605.00",,"$6,263.51",9322,
19/03/2015,19/03/2015,0,DEP.EFECTIVO 110501032,0,8014,"$3,420.00",,"$9,683.51",9323,
19/03/2015,19/03/2015,0,DEP.EFECTIVO 117101033,0,1334,"$2,593.50",,"$12,277.01",9324,
19/03/2015,19/03/2015,0,DEP.EFECTIVO,0,478,"$1,305.00",,"$13,582.01",9325,
19/03/2015,19/03/2015,0,DEP.EFECTIVO 13807034,0,2605,"$2,766.50",,"$16,348.51",9326,
19/03/2015,19/03/2015,0,ANUL.DEP.EFECTIVO,501,478,,"$1,305.00","$15,043.51",9327,
19/03/2015,19/03/2015,0,DEP.EFECTIVO 34602037,0,478,"$1,305.00",,"$16,348.51",9328,
19/03/2015,19/03/2015,0,DEP.EFECTIVO 106414033,0,8014,"$1,695.00",,"$18,043.51",9329,
19/03/2015,19/03/2015,0,DEP.EFECTIVO 1282030353,0,3190,"$1,184.00",,"$19,227.51",9330,
19/03/2015,19/03/2015,0,DEP.EFECTIVO 108204036,0,188,"$1,608.50",,"$20,836.01",9331,
19/03/2015,19/03/2015,0,DEP.EFECTIVO 133448038,0,2460,"$3,076.50",,"$23,912.51",9332,
19/03/2015,19/03/2015,0,DEP.EFECTIVO 35102037,0,52,"$2,137.00",,"$26,049.51",9333,
19/03/2015,19/03/2015,0,DEPOSITO DE CUENTA DE TERCEROS,0,4253,$698.50,,"$26,748.01",9334,"DEPOSITO EFECTIVO OFICINA TELECOMM 30035, REFERENCIA CLIENTE 0000000000"
19/03/2015,19/03/2015,0,DEP.EFECTIVO 123601034,0,2306,$873.00,,"$27,621.01",9335,
19/03/2015,19/03/2015,0,DEP.EFECTIVO 102914036,0,8015,"$2,587.50",,"$30,208.51",9336,
19/03/2015,19/03/2015,0,DEP.EFECTIVO 098301032,0,2314,"$4,332.00",,"$34,540.51",9337,
19/03/2015,19/03/2015,0,DEP.EFECTIVO 117901036,0,2067,"$2,259.50",,"$36,800.01",9338,
19/03/2015,19/03/2015,0,DEP.EFECTIVO 122201012,0,2069,"$2,674.00",,"$39,474.01",9339,
19/03/2015,19/03/2015,0,DEP.EFECTIVO 1332201031,0,12,"$2,796.00",,"$42,270.01",9340,
19/03/2015,19/03/2015,0,DEP.EFECTIVO 96824035,0,1490,"$2,668.50",,"$44,938.51",9341,
19/03/2015,19/03/2015,0,DEP.EFECTIVO,0,464,"$2,560.50",,"$47,499.01",9342,
19/03/2015,19/03/2015,0,DEP.EFECTIVO 118701032,0,2314,"$1,477.50",,"$48,976.51",9343,
19/03/2015,19/03/2015,0,DEP.EFECTIVO 120501032,0,2325,"$3,306.00",,"$52,282.51",9344,
19/03/2015,19/03/2015,0,ANUL.DEP.EFECTIVO,501,464,,"$2,560.50","$49,722.01",9345,
19/03/2015,19/03/2015,0,DEP.EFECTIVO 126301032,0,464,"$2,560.50",,"$52,282.51",9346,
19/03/2015,19/03/2015,0,DEP.EFECTIVO 131801030,0,2102,"$5,684.00",,"$57,966.51",9347,
19/03/2015,19/03/2015,0,DEP.EFECTIVO 141001035,0,2009,"$1,125.00",,"$59,091.51",9348,
19/03/2015,19/03/2015,0,DEP.EFECTIVO 96901031,0,2043,"$2,359.00",,"$61,450.51",9349,
19/03/2015,19/03/2015,0,DEP.EFECTIVO 150401040,0,2043,"$3,986.50",,"$65,437.01",9350,
19/03/2015,19/03/2015,0,DEP.EFECTIVO 117513039,0,1566,"$3,413.00",,"$68,850.01",9351,
19/03/2015,19/03/2015,0,DEP.EFECTIVO 13160103,0,117,"$2,908.00",,"$71,758.01",9352,
19/03/2015,19/03/2015,0,DEP.EFECTIVO 094301032,0,1938,"$2,040.00",,"$73,798.01",9353,
19/03/2015,19/03/2015,0,DEP.EFECTIVO 1000300377,0,2552,"$2,993.50",,"$76,791.51",9354,
19/03/2015,19/03/2015,0,DEP.EFECTIVO 124601033,0,116,"$3,819.50",,"$80,611.01",9355,
19/03/2015,19/03/2015,0,DEP.EFECTIVO 1145300395,0,2552,"$2,628.00",,"$83,239.01",9356,
19/03/2015,19/03/2015,0,DEP.EFECTIVO 99213038,0,20,"$3,284.50",,"$86,523.51",9357,
19/03/2015,19/03/2015,0,DEP.EFECTIVO 113201035,0,2331,"$2,794.50",,"$89,318.01",9358,
19/03/2015,19/03/2015,0,DEP.EFECTIVO 122701032,0,2325,"$1,116.50",,"$90,434.51",9359,
19/03/2015,19/03/2015,0,DEP.EFECTIVO 111024033,0,716,"$2,221.50",,"$92,656.01",9360,
19/03/2015,19/03/2015,0,DEP.EFECTIVO 117001035,0,274,"$2,133.00",,"$94,789.01",9361,
19/03/2015,19/03/2015,0,DEP.EFECTIVO 1090100367,0,8114,"$3,596.10",,"$98,385.11",9362,
19/03/2015,19/03/2015,0,DEP.EFECTIVO 33402033,0,52,"$3,047.50",,"$101,432.61",9363,
19/03/2015,19/03/2015,0,DEP.EFECTIVO 102210039,0,8114,"$2,519.70",,"$103,952.31",9364,
19/03/2015,19/03/2015,0,DEP.EFECTIVO 91402035,0,727,"$3,303.50",,"$107,255.81",9365,
19/03/2015,19/03/2015,0,DEP.EFECTIVO 124301030,0,1474,"$2,604.00",,"$109,859.81",9366,
19/03/2015,19/03/2015,0,DEP.EFECTIVO 104727037,0,3705,"$2,860.50",,"$112,720.31",9367,
19/03/2015,19/03/2015,0,DEP.EFECTIVO 1209130333,0,1536,$847.50,,"$113,567.81",9368,
19/03/2015,19/03/2015,0,DEP.EFECTIVO 1209130270,0,1536,$261.50,,"$113,829.31",9369,
19/03/2015,19/03/2015,0,DEP.EFECTIVO 111501030,0,2290,"$3,489.50",,"$117,318.81",9370,
19/03/2015,19/03/2015,0,DEP.EFECTIVO 119613035,0,7726,"$1,605.05",,"$118,923.86",9371,
19/03/2015,19/03/2015,0,DEP.EFECTIVO 1133010393,0,2043,"$3,161.00",,"$122,084.86",9372,
19/03/2015,19/03/2015,0,DEP.EFECTIVO 1114130327,0,1974,"$2,999.50",,"$125,084.36",9373,
19/03/2015,19/03/2015,0,DEP.EFECTIVO 093001032,0,691,"$3,661.00",,"$128,745.36",9374,
19/03/2015,19/03/2015,0,DEP.EFECTIVO 137001031,0,2049,"$1,085.00",,"$129,830.36",9375,
19/03/2015,19/03/2015,0,DEP.EFECTIVO 116501032,0,1424,"$3,077.00",,"$132,907.36",9376,
19/03/2015,19/03/2015,0,DEP.EFECTIVO 107701032,0,2113,"$2,675.50",,"$135,582.86",9377,
19/03/2015,19/03/2015,0,DEP.EFECTIVO 123501036,0,2104,"$1,312.50",,"$136,895.36",9378,
19/03/2015,19/03/2015,0,DEP.EFECTIVO 124901037,0,2104,"$2,766.50",,"$139,661.86",9379,
19/03/2015,19/03/2015,0,DEP.EFECTIVO 108301032,0,3682,"$4,232.50",,"$143,894.36",9380,
19/03/2015,19/03/2015,0,DEP.EFECTIVO 131013032,0,166,"$2,150.00",,"$146,044.36",9381,
19/03/2015,19/03/2015,0,DEP.EFECTIVO 095401032,0,295,"$3,998.50",,"$150,042.86",9382,
19/03/2015,19/03/2015,0,DEP.EFECTIVO 103409036,0,184,"$2,187.95",,"$152,230.81",9383,
19/03/2015,19/03/2015,0,DEP.EFECTIVO 119301032,0,1536,"$2,337.00",,"$154,567.81",9384,
19/03/2015,19/03/2015,0,DEP.EFECTIVO 129201012,0,295,"$1,801.00",,"$156,368.81",9385,
19/03/2015,19/03/2015,0,DEP.EFECTIVO 121701034,0,831,"$1,299.00",,"$157,667.81",9386,
19/03/2015,19/03/2015,0,DEP.EFECTIVO 101333030,0,3682,"$4,030.75",,"$161,698.56",9387,
19/03/2015,19/03/2015,0,DEP.EFECTIVO 119101032,0,2126,"$2,151.50",,"$163,850.06",9388,
19/03/2015,19/03/2015,0,DEP.EFECTIVO 121201035,0,275,"$1,924.00",,"$165,774.06",9389,
19/03/2015,19/03/2015,0,DEP.EFECTIVO 104901031,0,2092,"$3,981.00",,"$169,755.06",9390,
19/03/2015,19/03/2015,0,DEP.EFECTIVO 133301039,0,274,"$1,629.50",,"$171,384.56",9391,
19/03/2015,19/03/2015,0,DEP.EFECTIVO 141601032,0,1938,"$1,497.50",,"$172,882.06",9392,
19/03/2015,19/03/2015,0,DEP.EFECTIVO 099101012,0,1934,"$3,564.50",,"$176,446.56",9393,
19/03/2015,19/03/2015,0,DEP.EFECTIVO 92508038,0,3630,"$6,122.50",,"$182,569.06",9394,
19/03/2015,19/03/2015,0,DEP.EFECTIVO 121801032,0,2331,"$1,199.00",,"$183,768.06",9395,
19/03/2015,19/03/2015,0,DEP.EFECTIVO 137601012,0,1470,"$4,242.50",,"$188,010.56",9396,
19/03/2015,19/03/2015,0,DEP.EFECTIVO 137601014,0,1470,$19.00,,"$188,029.56",9397,
19/03/2015,19/03/2015,0,DEP.EFECTIVO 112401032,0,8701,"$2,607.50",,"$190,637.06",9398,
19/03/2015,19/03/2015,0,DEP.EFECTIVO 105122030,0,1976,"$2,755.00",,"$193,392.06",9399,
20/03/2015,20/03/2015,0,DEP.EFECTIVO 102101048,0,706,"$2,214.00",,"$195,606.06",9400,
20/03/2015,20/03/2015,200,TRASPASO A CUENTA PROPIA,790,8846,,"$195,606.05",$0.01,9401,"IVA:00000000.00 , A LA CUENTA 0136679699, 200 AL R.F.C. FTI9211036K2"
20/03/2015,20/03/2015,0,DEP.EFECTIVO 96901049,0,2043,"$3,595.50",,"$3,595.51",9402,
20/03/2015,20/03/2015,0,DEP.EFECTIVO 041201049,0,2325,"$3,317.00",,"$6,912.51",9403,
20/03/2015,23/03/2015,0,CHQ.LOCAL 016324 35102045,6,52,$800.00,,"$7,712.51",9404,BCO :0044 CTA. 0014504659449 NO.CHEQUE 0000016324
20/03/2015,20/03/2015,0,DEP.EFECTIVO 35102045,0,52,"$1,211.00",,"$8,923.51",9405,
20/03/2015,20/03/2015,0,DEP.EFECTIVO 108204044,0,188,"$2,027.00",,"$10,950.51",9406,
20/03/2015,20/03/2015,0,DEP.EFECTIVO 103409044,0,7461,$597.50,,"$11,548.01",9407,
20/03/2015,20/03/2015,0,DEP.EFECTIVO 124901045,0,2104,"$1,659.50",,"$13,207.51",9408,
20/03/2015,20/03/2015,0,DEP.EFECTIVO 116501049,0,1424,"$4,118.50",,"$17,326.01",9409,
20/03/2015,20/03/2015,0,DEP.EFECTIVO 106414041,0,8014,"$1,733.00",,"$19,059.01",9410,
20/03/2015,20/03/2015,0,DEP.EFECTIVO 117901044,0,2067,"$2,174.50",,"$21,233.51",9411,
20/03/2015,20/03/2015,0,DEP.EFECTIVO,0,2104,"$2,029.00",,"$23,262.51",9412,
20/03/2015,20/03/2015,0,DEP.EFECTIVO 133448046,0,2460,"$3,844.00",,"$27,106.51",9413,
20/03/2015,20/03/2015,0,DEP.EFECTIVO 122201019,0,2069,"$2,023.00",,"$29,129.51",9414,
20/03/2015,20/03/2015,0,DEP.EFECTIVO 117101041,0,1334,"$2,102.00",,"$31,231.51",9415,
20/03/2015,20/03/2015,0,DEP.EFECTIVO 141001043,0,116,"$1,190.50",,"$32,422.01",9416,
20/03/2015,20/03/2015,0,DEP.EFECTIVO 117001043,0,274,"$1,727.00",,"$34,149.01",9417,
20/03/2015,20/03/2015,0,DEP.EFECTIVO 1282030416,0,3190,$932.00,,"$35,081.01",9418,
20/03/2015,20/03/2015,0,DEP.EFECTIVO 150401040,0,2043,"$3,428.50",,"$38,509.51",9419,
20/03/2015,20/03/2015,0,DEP.EFECTIVO 124601041,0,116,"$1,707.50",,"$40,217.01",9420,
20/03/2015,20/03/2015,0,DEP.EFECTIVO 126301049,0,464,"$2,433.00",,"$42,650.01",9421,
20/03/2015,20/03/2015,0,DEP.EFECTIVO 1133010456,0,2043,"$2,675.00",,"$45,325.01",9422,
20/03/2015,20/03/2015,0,DEP.EFECTIVO 131801048,0,2102,"$5,012.50",,"$50,337.51",9423,
20/03/2015,20/03/2015,0,DEP.EFECTIVO 120501049,0,2325,"$2,999.00",,"$53,336.51",9424,
20/03/2015,20/03/2015,0,DEP.EFECTIVO 96824043,0,1490,"$4,730.00",,"$58,066.51",9425,
20/03/2015,20/03/2015,0,DEP.EFECTIVO 13807042,0,2605,"$1,915.00",,"$59,981.51",9426,
20/03/2015,20/03/2015,0,DEP.EFECTIVO 117513047,0,1566,"$2,581.50",,"$62,563.01",9427,
20/03/2015,20/03/2015,0,DEP.EFECTIVO 137601019,0,1470,"$2,766.50",,"$65,329.51",9428,
20/03/2015,20/03/2015,0,DEP.EFECTIVO 124301048,0,1474,"$2,851.00",,"$68,180.51",9429,
20/03/2015,20/03/2015,0,DEP.EFECTIVO 34602045,0,478,"$1,373.80",,"$69,554.31",9430,
20/03/2015,20/03/2015,0,DEP.EFECTIVO 1090100430,0,8117,"$4,025.50",,"$73,579.81",9431,
20/03/2015,20/03/2015,0,DEP.EFECTIVO 131013040,0,166,"$1,476.50",,"$75,056.31",9432,
20/03/2015,20/03/2015,0,DEP.EFECTIVO 104727045,0,3705,"$1,736.00",,"$76,792.31",9433,
20/03/2015,20/03/2015,0,DEP.EFECTIVO 098301049,0,2314,"$3,557.00",,"$80,349.31",9434,
20/03/2015,20/03/2015,0,DEP.EFECTIVO 118701049,0,2314,"$3,161.00",,"$83,510.31",9435,
20/03/2015,20/03/2015,0,DEP.EFECTIVO 133201049,0,2183,"$2,290.00",,"$85,800.31",9436,
20/03/2015,20/03/2015,0,DEP.EFECTIVO 13160104,0,117,"$2,322.50",,"$88,122.81",9437,
20/03/2015,20/03/2015,0,DEP.EFECTIVO 99213046,0,648,"$3,421.50",,"$91,544.31",9438,
20/03/2015,20/03/2015,0,DEP.EFECTIVO 141601049,0,1938,"$1,207.00",,"$92,751.31",9439,
20/03/2015,20/03/2015,0,DEP.EFECTIVO 1145300458,0,2552,"$2,023.50",,"$94,774.81",9440,
20/03/2015,20/03/2015,0,DEP.EFECTIVO 1000300440,0,2552,"$3,300.00",,"$98,074.81",9441,
20/03/2015,20/03/2015,0,DEP.EFECTIVO 101333048,0,3682,"$3,918.40",,"$101,993.21",9442,
20/03/2015,20/03/2015,0,DEP.EFECTIVO 093001049,0,691,"$1,954.00",,"$103,947.21",9443,
20/03/2015,20/03/2015,0,DEP.EFECTIVO 92508046,0,3630,"$5,414.00",,"$109,361.21",9444,
20/03/2015,20/03/2015,0,DEP.EFECTIVO 123601042,0,2306,"$1,773.00",,"$111,134.21",9445,
20/03/2015,20/03/2015,0,DEPOSITO DE CUENTA DE TERCEROS,0,4253,"$1,014.50",,"$112,148.71",9446,"DEPOSITO EFECTIVO OFICINA TELECOMM 30035, REFERENCIA CLIENTE 0000000000"
20/03/2015,20/03/2015,0,DEP.EFECTIVO 108301049,0,3682,"$3,470.70",,"$115,619.41",9447,
20/03/2015,20/03/2015,0,DEP.EFECTIVO 111501048,0,2290,"$3,842.50",,"$119,461.91",9448,
20/03/2015,20/03/2015,0,DEP.EFECTIVO 33402041,0,52,"$2,419.00",,"$121,880.91",9449,
20/03/2015,20/03/2015,0,DEP.EFECTIVO 104901049,0,2092,"$1,746.00",,"$123,626.91",9450,
20/03/2015,20/03/2015,0,DEP.EFECTIVO 133301047,0,274,"$3,050.00",,"$126,676.91",9451,
20/03/2015,20/03/2015,0,DEP.EFECTIVO 121701042,0,831,$474.00,,"$127,150.91",9452,
20/03/2015,20/03/2015,0,DEP.EFECTIVO 119101049,0,2126,$919.50,,"$128,070.41",9453,
20/03/2015,20/03/2015,0,DEP.EFECTIVO 91402043,0,727,"$3,184.00",,"$131,254.41",9454,
20/03/2015,20/03/2015,0,DEP.EFECTIVO 102210047,0,8114,"$2,165.40",,"$133,419.81",9455,
20/03/2015,20/03/2015,0,DEP.EFECTIVO 121201043,0,275,"$1,964.50",,"$135,384.31",9456,
20/03/2015,20/03/2015,0,DEP.EFECTIVO 122701049,0,2325,"$1,441.00",,"$136,825.31",9457,
20/03/2015,20/03/2015,0,DEP.EFECTIVO 094301049,0,1938,"$2,020.00",,"$138,845.31",9458,
20/03/2015,20/03/2015,0,DEP.EFECTIVO 119301049,0,1536,"$1,658.50",,"$140,503.81",9459,
20/03/2015,20/03/2015,0,DEP.EFECTIVO 111024041,0,1490,"$2,008.00",,"$142,511.81",9460,
20/03/2015,20/03/2015,0,DEP.EFECTIVO 1114130487,0,1974,"$2,459.00",,"$144,970.81",9461,
20/03/2015,20/03/2015,0,DEP.EFECTIVO 095401049,0,295,"$2,564.50",,"$147,535.31",9462,
20/03/2015,20/03/2015,0,DEP.EFECTIVO 119613043,0,7726,"$1,473.70",,"$149,009.01",9463,
20/03/2015,20/03/2015,0,DEP.EFECTIVO 137001049,0,451,$616.00,,"$149,625.01",9464,
20/03/2015,20/03/2015,0,DEP.EFECTIVO 129201019,0,295,"$2,504.00",,"$152,129.01",9465,
20/03/2015,20/03/2015,0,DEP.EFECTIVO 102914044,0,8015,"$2,833.00",,"$154,962.01",9466,
20/03/2015,20/03/2015,0,DEP.EFECTIVO 113201043,0,2331,"$3,443.00",,"$158,405.01",9467,
20/03/2015,20/03/2015,0,DEP.EFECTIVO 107701040,0,507,"$1,119.00",,"$159,524.01",9468,
20/03/2015,20/03/2015,0,DEP.EFECTIVO 099101019,0,1934,"$4,966.50",,"$164,490.51",9469,
20/03/2015,20/03/2015,0,DEP.EFECTIVO 112401049,0,8717,"$1,252.00",,"$165,742.51",9470,
20/03/2015,20/03/2015,0,DEP.EFECTIVO 110501049,0,8014,"$3,854.00",,"$169,596.51",9471,
21/03/2015,23/03/2015,0,DEP.EFECTIVO 108204051,0,188,"$2,473.50",,"$172,070.01",9472,
21/03/2015,23/03/2015,0,DEP.EFECTIVO 13807059,0,2605,"$2,691.50",,"$174,761.51",9473,
21/03/2015,23/03/2015,0,DEP.EFECTIVO 1209130493,0,1536,"$1,999.50",,"$176,761.01",9474,
21/03/2015,23/03/2015,0,DEP.EFECTIVO 1209130556,0,1536,"$1,183.00",,"$177,944.01",9475,
21/03/2015,23/03/2015,0,DEP.EFECTIVO 117513054,0,1566,"$4,859.50",,"$182,803.51",9476,
21/03/2015,23/03/2015,0,DEP.EFECTIVO 111024058,0,1490,"$2,074.50",,"$184,878.01",9477,
21/03/2015,23/03/2015,0,DEP.EFECTIVO 133448053,0,2460,"$2,863.50",,"$187,741.51",9478,
23/03/2015,23/03/2015,0,DEP.EFECTIVO 129201013,0,295,"$1,770.00",,"$189,511.51",9479,
23/03/2015,23/03/2015,0,DEP.EFECTIVO 129201017,0,295,"$1,897.00",,"$191,408.51",9480,
23/03/2015,23/03/2015,0,DEP.EFECTIVO 129201015,0,295,"$2,359.50",,"$193,768.01",9481,
23/03/2015,23/03/2015,200,TRASPASO A CUENTA PROPIA,790,8846,,"$192,968.00",$800.01,9482,"IVA:00000000.00 , A LA CUENTA 0136679699, 200 AL R.F.C. FTI9211036K2"
23/03/2015,23/03/2015,0,DEP.EFECTIVO 124901052,0,2104,"$2,947.50",,"$3,747.51",9483,
23/03/2015,23/03/2015,0,DEP.EFECTIVO 124901060,0,2104,"$2,290.50",,"$6,038.01",9484,
23/03/2015,23/03/2015,0,DEP.EFECTIVO 124901078,0,2104,"$1,904.00",,"$7,942.01",9485,
23/03/2015,23/03/2015,0,DEP.EFECTIVO 102101063,0,706,"$3,689.50",,"$11,631.51",9486,
23/03/2015,23/03/2015,0,DEP.EFECTIVO 102101071,0,706,$682.50,,"$12,314.01",9487,
23/03/2015,23/03/2015,0,DEP.EFECTIVO 102101055,0,706,"$2,648.00",,"$14,962.01",9488,
23/03/2015,23/03/2015,0,DEP.EFECTIVO 110501057,0,8014,"$3,288.00",,"$18,250.01",9489,
23/03/2015,23/03/2015,0,DEP.EFECTIVO 110501065,0,8014,"$3,598.50",,"$21,848.51",9490,
23/03/2015,23/03/2015,0,DEP.EFECTIVO 110501073,0,8014,$791.00,,"$22,639.51",9491,
23/03/2015,23/03/2015,0,DEP.EFECTIVO 111501063,0,2290,"$3,114.60",,"$25,754.11",9492,
23/03/2015,23/03/2015,0,DEP.EFECTIVO 111501055,0,2290,"$3,308.50",,"$29,062.61",9493,
23/03/2015,23/03/2015,0,DEPOSITO DE CUENTA DE TERCEROS,0,4253,$341.00,,"$29,403.61",9494,"DEPOSITO EFECTIVO OFICINA TELECOMM 30035, REFERENCIA CLIENTE 0000000000"
23/03/2015,23/03/2015,0,DEPOSITO DE CUENTA DE TERCEROS,0,4253,"$1,127.00",,"$30,530.61",9495,"DEPOSITO EFECTIVO OFICINA TELECOMM 30035, REFERENCIA CLIENTE 0000000000"
23/03/2015,23/03/2015,0,DEPOSITO DE CUENTA DE TERCEROS,0,4253,$543.50,,"$31,074.11",9496,"DEPOSITO EFECTIVO OFICINA TELECOMM 30035, REFERENCIA CLIENTE 0000000000"
23/03/2015,23/03/2015,0,DEP.EFECTIVO 1282030576,0,3190,"$1,725.00",,"$32,799.11",9497,
23/03/2015,23/03/2015,0,DEP.EFECTIVO 1282030639,0,3190,"$1,151.50",,"$33,950.61",9498,
23/03/2015,23/03/2015,0,DEP.EFECTIVO 1282030799,0,3190,"$1,330.00",,"$35,280.61",9499,
23/03/2015,23/03/2015,0,DEP.EFECTIVO 117513062,0,1508,"$4,308.00",,"$39,588.61",9500,
23/03/2015,23/03/2015,0,DEP.EFECTIVO 117513070,0,1508,"$2,728.20",,"$42,316.81",9501,
23/03/2015,23/03/2015,0,DEP.EFECTIVO 108204069,0,188,"$2,638.50",,"$44,955.31",9502,
23/03/2015,23/03/2015,0,DEP.EFECTIVO,0,188,$840.50,,"$45,795.81",9503,
23/03/2015,23/03/2015,0,DEP.EFECTIVO 13807067,0,2605,"$3,941.00",,"$49,736.81",9504,
23/03/2015,23/03/2015,0,DEP.EFECTIVO 013807075,0,2605,$952.00,,"$50,688.81",9505,
23/03/2015,23/03/2015,0,DEP.EFECTIVO 106414074,0,8014,"$1,342.50",,"$52,031.31",9506,
23/03/2015,23/03/2015,0,DEP.EFECTIVO 102210054,0,8114,"$1,791.00",,"$53,822.31",9507,
23/03/2015,23/03/2015,0,DEP.EFECTIVO 106414066,0,8014,"$1,693.00",,"$55,515.31",9508,
23/03/2015,23/03/2015,0,DEP.EFECTIVO 102210070,0,8114,$820.50,,"$56,335.81",9509,
23/03/2015,23/03/2015,0,DEP.EFECTIVO 102210062,0,8114,"$3,624.00",,"$59,959.81",9510,
23/03/2015,23/03/2015,0,DEP.EFECTIVO 106414058,0,8014,"$2,525.00",,"$62,484.81",9511,
23/03/2015,23/03/2015,0,DEP.EFECTIVO 098301073,0,2314,"$2,551.00",,"$65,035.81",9512,
23/03/2015,23/03/2015,0,DEP.EFECTIVO 098301065,0,2314,"$2,139.50",,"$67,175.31",9513,
23/03/2015,23/03/2015,0,DEP.EFECTIVO 098301057,0,2314,"$2,929.00",,"$70,104.31",9514,
23/03/2015,23/03/2015,0,DEP.EFECTIVO 118701057,0,2314,"$2,559.50",,"$72,663.81",9515,
23/03/2015,23/03/2015,0,DEP.EFECTIVO 118701073,0,2314,"$1,586.50",,"$74,250.31",9516,
23/03/2015,23/03/2015,0,DEP.EFECTIVO 118701065,0,2314,"$3,295.00",,"$77,545.31",9517,
23/03/2015,23/03/2015,0,DEP.EFECTIVO 99213079,0,20,"$1,010.00",,"$78,555.31",9518,
23/03/2015,23/03/2015,0,DEP.EFECTIVO 99213053,0,20,"$3,233.10",,"$81,788.41",9519,
23/03/2015,23/03/2015,0,DEP.EFECTIVO 99213061,0,20,"$2,836.00",,"$84,624.41",9520,
23/03/2015,23/03/2015,0,DEP.EFECTIVO 137601017,0,1470,"$3,508.00",,"$88,132.41",9521,
23/03/2015,23/03/2015,0,DEP.EFECTIVO 137601015,0,1470,"$2,739.00",,"$90,871.41",9522,
23/03/2015,23/03/2015,0,DEP.EFECTIVO 137601013,0,1470,"$3,140.50",,"$94,011.91",9523,
23/03/2015,23/03/2015,0,DEP.EFECTIVO 124601074,0,2009,"$1,375.50",,"$95,387.41",9524,
23/03/2015,23/03/2015,0,DEP.EFECTIVO 124601058,0,2009,"$4,352.20",,"$99,739.61",9525,
23/03/2015,23/03/2015,0,DEP.EFECTIVO 117101058,0,1334,"$3,249.00",,"$102,988.61",9526,
23/03/2015,23/03/2015,0,DEP.EFECTIVO 124601066,0,2009,"$3,244.05",,"$106,232.66",9527,
23/03/2015,23/03/2015,0,DEP.EFECTIVO 117101066,0,1334,"$2,306.50",,"$108,539.16",9528,
23/03/2015,23/03/2015,0,DEP.EFECTIVO 117101074,0,1334,"$1,070.00",,"$109,609.16",9529,
23/03/2015,23/03/2015,0,DEP.EFECTIVO 33402066,0,52,"$2,865.00",,"$112,474.16",9530,
23/03/2015,23/03/2015,0,DEP.EFECTIVO 33402074,0,52,"$1,596.00",,"$114,070.16",9531,
23/03/2015,23/03/2015,0,DEP.EFECTIVO 33402058,0,52,"$2,995.00",,"$117,065.16",9532,
23/03/2015,23/03/2015,0,DEP.EFECTIVO 35102052,0,52,"$2,470.00",,"$119,535.16",9533,
23/03/2015,23/03/2015,0,DEP.EFECTIVO 35102060,0,52,"$3,644.30",,"$123,179.46",9534,
23/03/2015,23/03/2015,0,DEP.EFECTIVO 35102078,0,52,"$2,540.50",,"$125,719.96",9535,
23/03/2015,23/03/2015,0,DEP.EFECTIVO 123501069,0,2104,"$1,257.50",,"$126,977.46",9536,
23/03/2015,23/03/2015,0,DEP.EFECTIVO 133448079,0,2460,"$1,102.50",,"$128,079.96",9537,
23/03/2015,23/03/2015,0,DEP.EFECTIVO 133448061,0,2460,"$2,021.00",,"$130,100.96",9538,
23/03/2015,23/03/2015,0,DEP.EFECTIVO 123501051,0,2104,"$1,552.50",,"$131,653.46",9539,
23/03/2015,23/03/2015,0,DEP.EFECTIVO 123501077,0,2104,"$2,064.00",,"$133,717.46",9540,
23/03/2015,23/03/2015,0,DEP.EFECTIVO 1090100716,0,8113,"$1,259.00",,"$134,976.46",9541,
23/03/2015,23/03/2015,0,DEP.EFECTIVO 1090100653,0,8113,"$3,767.50",,"$138,743.96",9542,
23/03/2015,23/03/2015,0,DEP.EFECTIVO 96901056,0,2043,"$3,068.00",,"$141,811.96",9543,
23/03/2015,23/03/2015,0,DEP.EFECTIVO 1090100590,0,8113,"$3,365.50",,"$145,177.46",9544,
23/03/2015,23/03/2015,0,DEP.EFECTIVO 96901064,0,2043,"$2,730.00",,"$147,907.46",9545,
23/03/2015,23/03/2015,0,DEP.EFECTIVO 96901072,0,2043,"$2,369.50",,"$150,276.96",9546,
23/03/2015,23/03/2015,0,DEP.EFECTIVO 141001076,0,2009,"$1,394.00",,"$151,670.96",9547,
23/03/2015,23/03/2015,0,DEP.EFECTIVO 141001068,0,2009,"$1,472.50",,"$153,143.46",9548,
23/03/2015,23/03/2015,0,DEP.EFECTIVO 141001050,0,2009,"$1,457.50",,"$154,600.96",9549,
23/03/2015,23/03/2015,0,DEP.EFECTIVO 117901051,0,2067,"$2,689.55",,"$157,290.51",9550,
23/03/2015,23/03/2015,0,DEP.EFECTIVO 133201056,0,2183,"$2,229.50",,"$159,520.01",9551,
23/03/2015,23/03/2015,0,DEP.EFECTIVO 117901069,0,2067,"$3,450.00",,"$162,970.01",9552,
23/03/2015,23/03/2015,0,DEP.EFECTIVO 133201064,0,2183,"$1,315.50",,"$164,285.51",9553,
23/03/2015,23/03/2015,0,DEP.EFECTIVO 108301073,0,3682,"$2,151.60",,"$166,437.11",9554,
23/03/2015,23/03/2015,0,DEP.EFECTIVO 117901077,0,2067,"$1,593.00",,"$168,030.11",9555,
23/03/2015,23/03/2015,0,DEP.EFECTIVO 108301057,0,3682,"$2,331.30",,"$170,361.41",9556,
23/03/2015,23/03/2015,0,DEP.EFECTIVO 133201072,0,2183,$690.50,,"$171,051.91",9557,
23/03/2015,23/03/2015,0,DEP.EFECTIVO 108301065,0,3682,"$3,952.00",,"$175,003.91",9558,
23/03/2015,23/03/2015,0,DEP.EFECTIVO 137001056,0,2049,$592.50,,"$175,596.41",9559,
23/03/2015,23/03/2015,0,DEP.EFECTIVO 137001064,0,2049,$827.50,,"$176,423.91",9560,
23/03/2015,23/03/2015,0,DEP.EFECTIVO 137001072,0,2049,$669.20,,"$177,093.11",9561,
23/03/2015,23/03/2015,0,DEP.EFECTIVO 121701059,0,831,$581.00,,"$177,674.11",9562,
23/03/2015,23/03/2015,0,DEP.EFECTIVO 121701067,0,831,$522.50,,"$178,196.61",9563,
23/03/2015,23/03/2015,0,DEP.EFECTIVO 121701075,0,831,"$1,024.50",,"$179,221.11",9564,
23/03/2015,23/03/2015,0,DEP.EFECTIVO 102914077,0,8015,"$1,546.50",,"$180,767.61",9565,
23/03/2015,23/03/2015,0,DEP.EFECTIVO 1133010679,0,2043,"$3,199.50",,"$183,967.11",9566,
23/03/2015,23/03/2015,0,DEP.EFECTIVO 102914069,0,8015,"$1,300.50",,"$185,267.61",9567,
23/03/2015,23/03/2015,0,DEP.EFECTIVO 1133010742,0,2043,"$1,865.00",,"$187,132.61",9568,
23/03/2015,23/03/2015,0,DEP.EFECTIVO 102914051,0,8015,"$1,393.50",,"$188,526.11",9569,
23/03/2015,23/03/2015,0,DEP.EFECTIVO 111024066,0,1490,"$1,763.50",,"$190,289.61",9570,
23/03/2015,23/03/2015,0,DEP.EFECTIVO 1133010519,0,2043,"$2,449.00",,"$192,738.61",9571,
23/03/2015,23/03/2015,0,DEP.EFECTIVO 111024074,0,1490,"$1,320.00",,"$194,058.61",9572,
23/03/2015,23/03/2015,0,DEP.EFECTIVO 126301065,0,464,"$2,337.50",,"$196,396.11",9573,
23/03/2015,23/03/2015,0,DEP.EFECTIVO 126301057,0,464,"$2,528.00",,"$198,924.11",9574,
23/03/2015,23/03/2015,0,DEP.EFECTIVO 96824050,0,1490,"$4,192.50",,"$203,116.61",9575,
23/03/2015,23/03/2015,0,DEP.EFECTIVO,0,1490,"$3,756.50",,"$206,873.11",9576,
23/03/2015,23/03/2015,0,DEP.EFECTIVO 126301073,0,464,"$1,906.00",,"$208,779.11",9577,
23/03/2015,23/03/2015,0,DEP.EFECTIVO 123601067,0,2306,"$1,214.20",,"$209,993.31",9578,
23/03/2015,23/03/2015,0,ANUL.DEP.EFECTIVO,501,1490,,"$3,756.50","$206,236.81",9579,
23/03/2015,23/03/2015,0,DEP.EFECTIVO 96824068,0,1490,"$3,756.50",,"$209,993.31",9580,
23/03/2015,23/03/2015,0,DEP.EFECTIVO 123601075,0,2306,$945.50,,"$210,938.81",9581,
23/03/2015,23/03/2015,0,DEP.EFECTIVO 150401057,0,2043,"$3,182.50",,"$214,121.31",9582,
23/03/2015,23/03/2015,0,DEP.EFECTIVO 96824076,0,1490,"$1,741.00",,"$215,862.31",9583,
23/03/2015,23/03/2015,0,DEP.EFECTIVO 123601059,0,2306,$970.00,,"$216,832.31",9584,
23/03/2015,23/03/2015,0,DEP.EFECTIVO 141601057,0,1938,"$1,698.50",,"$218,530.81",9585,
23/03/2015,23/03/2015,0,DEP.EFECTIVO 150401065,0,2043,"$3,015.00",,"$221,545.81",9586,
23/03/2015,23/03/2015,0,DEP.EFECTIVO 119101065,0,2126,"$2,114.50",,"$223,660.31",9587,
23/03/2015,23/03/2015,0,DEP.EFECTIVO 141601073,0,1938,$832.00,,"$224,492.31",9588,
23/03/2015,23/03/2015,0,DEP.EFECTIVO 150401073,0,2043,$699.50,,"$225,191.81",9589,
23/03/2015,23/03/2015,0,DEP.EFECTIVO 141601065,0,1938,$636.00,,"$225,827.81",9590,
23/03/2015,23/03/2015,0,DEP.EFECTIVO 119101057,0,2126,"$2,654.00",,"$228,481.81",9591,
23/03/2015,23/03/2015,0,DEP.EFECTIVO 122201015,0,2069,"$2,534.00",,"$231,015.81",9592,
23/03/2015,23/03/2015,0,DEP.EFECTIVO 119101073,0,2126,"$1,069.50",,"$232,085.31",9593,
23/03/2015,23/03/2015,0,DEP.EFECTIVO 122201017,0,2069,"$2,657.00",,"$234,742.31",9594,
23/03/2015,23/03/2015,0,DEP.EFECTIVO 122201013,0,2069,"$2,714.50",,"$237,456.81",9595,
23/03/2015,23/03/2015,0,DEP.EFECTIVO 121201050,0,275,"$1,581.50",,"$239,038.31",9596,
23/03/2015,23/03/2015,0,DEP.EFECTIVO 131013073,0,647,"$1,566.50",,"$240,604.81",9597,
23/03/2015,23/03/2015,0,DEP.EFECTIVO 121201068,0,275,"$1,194.01",,"$241,798.82",9598,
23/03/2015,23/03/2015,0,DEP.EFECTIVO 121201076,0,275,$451.00,,"$242,249.82",9599,
23/03/2015,23/03/2015,0,DEP.EFECTIVO 131013057,0,647,"$1,617.00",,"$243,866.82",9600,
23/03/2015,23/03/2015,0,DEP.EFECTIVO 131013065,0,647,"$1,720.00",,"$245,586.82",9601,
23/03/2015,23/03/2015,0,DEP.EFECTIVO 91402068,0,727,"$2,439.20",,"$248,026.02",9602,
23/03/2015,23/03/2015,0,DEP.EFECTIVO 91402050,0,727,"$2,652.20",,"$250,678.22",9603,
23/03/2015,23/03/2015,0,DEP.EFECTIVO 91402076,0,727,"$2,084.50",,"$252,762.72",9604,
23/03/2015,23/03/2015,0,DEP.EFECTIVO 1145300681,0,2552,"$3,020.00",,"$255,782.72",9605,
23/03/2015,23/03/2015,0,DEP.EFECTIVO 1145300744,0,2552,"$1,389.00",,"$257,171.72",9606,
23/03/2015,23/03/2015,0,DEP.EFECTIVO 1145300521,0,2552,"$2,218.50",,"$259,390.22",9607,
23/03/2015,23/03/2015,0,DEP.EFECTIVO 1000300503,0,2552,"$3,256.00",,"$262,646.22",9608,
23/03/2015,23/03/2015,0,DEP.EFECTIVO 1000300663,0,2552,"$3,427.00",,"$266,073.22",9609,
23/03/2015,23/03/2015,0,DEP.EFECTIVO 1000300726,0,2552,"$1,157.00",,"$267,230.22",9610,
23/03/2015,23/03/2015,0,DEP.EFECTIVO 117001076,0,274,"$1,018.30",,"$268,248.52",9611,
23/03/2015,23/03/2015,0,DEP.EFECTIVO 117001050,0,274,"$1,968.00",,"$270,216.52",9612,
23/03/2015,23/03/2015,0,DEP.EFECTIVO 117001068,0,274,"$2,643.00",,"$272,859.52",9613,
23/03/2015,23/03/2015,0,DEP.EFECTIVO 131801071,0,2102,"$2,558.00",,"$275,417.52",9614,
23/03/2015,23/03/2015,0,DEP.EFECTIVO 131801055,0,2102,"$4,967.00",,"$280,384.52",9615,
23/03/2015,23/03/2015,0,DEP.EFECTIVO 131801063,0,2102,"$3,716.10",,"$284,100.62",9616,
23/03/2015,23/03/2015,0,DEP.EFECTIVO 34602060,0,52,"$2,370.50",,"$286,471.12",9617,
23/03/2015,23/03/2015,0,DEP.EFECTIVO 34602078,0,52,$911.00,,"$287,382.12",9618,
23/03/2015,23/03/2015,0,DEP.EFECTIVO 13160106,0,117,"$4,562.00",,"$291,944.12",9619,
23/03/2015,23/03/2015,0,DEP.EFECTIVO 34602052,0,52,"$1,325.50",,"$293,269.62",9620,
23/03/2015,23/03/2015,0,DEP.EFECTIVO 124301071,0,1474,"$2,224.00",,"$295,493.62",9621,
23/03/2015,23/03/2015,0,DEP.EFECTIVO 124301063,0,1474,"$3,587.00",,"$299,080.62",9622,
23/03/2015,23/03/2015,0,DEP.EFECTIVO 13160107,0,117,"$1,824.50",,"$300,905.12",9623,
23/03/2015,23/03/2015,0,DEP.EFECTIVO 104727060,0,3705,"$2,058.50",,"$302,963.62",9624,
23/03/2015,23/03/2015,0,DEP.EFECTIVO 124301055,0,1474,"$1,780.50",,"$304,744.12",9625,
23/03/2015,23/03/2015,0,DEP.EFECTIVO 13160105,0,117,"$3,399.00",,"$308,143.12",9626,
23/03/2015,23/03/2015,0,DEP.EFECTIVO 104901064,0,2092,"$1,704.50",,"$309,847.62",9627,
23/03/2015,23/03/2015,0,DEP.EFECTIVO 104727078,0,3705,$795.00,,"$310,642.62",9628,
23/03/2015,23/03/2015,0,DEP.EFECTIVO 104901056,0,2092,"$2,864.50",,"$313,507.12",9629,
23/03/2015,23/03/2015,0,DEP.EFECTIVO 104727052,0,3705,"$2,235.50",,"$315,742.62",9630,
23/03/2015,23/03/2015,0,DEP.EFECTIVO 119613050,0,7726,$790.00,,"$316,532.62",9631,
23/03/2015,23/03/2015,0,DEP.EFECTIVO 104901072,0,2092,$601.00,,"$317,133.62",9632,
23/03/2015,23/03/2015,0,DEP.EFECTIVO 119613068,0,7726,$900.85,,"$318,034.47",9633,
23/03/2015,23/03/2015,0,DEP.EFECTIVO 1209130619,0,1536,"$1,060.00",,"$319,094.47",9634,
23/03/2015,23/03/2015,0,DEP.EFECTIVO 1209130779,0,1536,$899.50,,"$319,993.97",9635,
23/03/2015,23/03/2015,0,DEP.EFECTIVO 041201065,0,2325,"$1,650.50",,"$321,644.47",9636,
23/03/2015,23/03/2015,0,DEP.EFECTIVO 041201057,0,2325,"$3,497.00",,"$325,141.47",9637,
23/03/2015,23/03/2015,0,DEP.EFECTIVO 041201073,0,2325,"$2,014.00",,"$327,155.47",9638,
23/03/2015,23/03/2015,0,DEP.EFECTIVO 111501071,0,2290,"$2,354.10",,"$329,509.57",9639,
23/03/2015,23/03/2015,0,DEP.EFECTIVO 116501065?,0,1424,"$4,419.50",,"$333,929.07",9640,
23/03/2015,23/03/2015,0,DEP.EFECTIVO 116501057,0,1424,"$4,261.80",,"$338,190.87",9641,
23/03/2015,23/03/2015,0,DEP.EFECTIVO 116501073,0,1424,"$1,472.50",,"$339,663.37",9642,
23/03/2015,23/03/2015,0,DEP.EFECTIVO 120501057,0,2325,"$2,376.50",,"$342,039.87",9643,
23/03/2015,23/03/2015,0,DEP.EFECTIVO 105122048,0,1976,"$2,001.00",,"$344,040.87",9644,
23/03/2015,23/03/2015,0,DEP.EFECTIVO 120501065,0,2325,"$3,301.00",,"$347,341.87",9645,
23/03/2015,23/03/2015,0,DEP.EFECTIVO 105122055,0,1976,"$2,151.50",,"$349,493.37",9646,
23/03/2015,23/03/2015,0,DEP.EFECTIVO 1114130773,0,1974,"$2,367.00",,"$351,860.37",9647,
23/03/2015,23/03/2015,0,DEP.EFECTIVO 120501073,0,2325,"$1,522.50",,"$353,382.87",9648,
23/03/2015,23/03/2015,0,DEP.EFECTIVO 105122063,0,1976,"$2,667.00",,"$356,049.87",9649,
23/03/2015,23/03/2015,0,DEP.EFECTIVO 1114130550,0,1974,"$1,986.50",,"$358,036.37",9650,
23/03/2015,23/03/2015,0,DEP.EFECTIVO 101333055,0,3682,"$2,791.60",,"$360,827.97",9651,
23/03/2015,23/03/2015,0,DEP.EFECTIVO 105122071,0,1976,$984.00,,"$361,811.97",9652,
23/03/2015,23/03/2015,0,DEP.EFECTIVO 1114130613,0,1974,"$2,245.50",,"$364,057.47",9653,
23/03/2015,23/03/2015,0,DEP.EFECTIVO 119301057,0,1536,$540.50,,"$364,597.97",9654,
23/03/2015,23/03/2015,0,DEP.EFECTIVO 101333071,0,3682,"$2,679.50",,"$367,277.47",9655,
23/03/2015,23/03/2015,0,DEP.EFECTIVO 119301065,0,1536,$781.10,,"$368,058.57",9656,
23/03/2015,23/03/2015,0,DEP.EFECTIVO 094301065,0,1938,"$2,182.70",,"$370,241.27",9657,
23/03/2015,23/03/2015,0,DEP.EFECTIVO 101333063,0,3682,"$3,609.25",,"$373,850.52",9658,
23/03/2015,23/03/2015,0,DEP.EFECTIVO 094301057,0,1938,"$2,968.50",,"$376,819.02",9659,
23/03/2015,23/03/2015,0,DEP.EFECTIVO 094301073,0,1938,"$1,224.00",,"$378,043.02",9660,
23/03/2015,23/03/2015,0,DEP.EFECTIVO 122701057,0,2325,"$1,189.00",,"$379,232.02",9661,
23/03/2015,23/03/2015,0,DEP.EFECTIVO 122701065,0,2325,$969.50,,"$380,201.52",9662,
23/03/2015,23/03/2015,0,DEP.EFECTIVO 122701073,0,2325,$905.50,,"$381,107.02",9663,
23/03/2015,23/03/2015,0,DEP.EFECTIVO 113201076,0,2331,"$1,847.00",,"$382,954.02",9664,
23/03/2015,23/03/2015,0,DEP.EFECTIVO 113201068,0,2331,"$2,074.50",,"$385,028.52",9665,
23/03/2015,23/03/2015,0,DEP.EFECTIVO 107701057,0,2113,"$2,769.50",,"$387,798.02",9666,
23/03/2015,23/03/2015,0,DEP.EFECTIVO 113201050,0,2331,"$4,857.50",,"$392,655.52",9667,
23/03/2015,23/03/2015,0,DEP.EFECTIVO 107701065,0,2113,"$1,436.00",,"$394,091.52",9668,
23/03/2015,23/03/2015,0,DEP.EFECTIVO 093001057,0,691,"$4,096.00",,"$398,187.52",9669,
23/03/2015,23/03/2015,0,DEP.EFECTIVO 093001065,0,691,"$3,439.00",,"$401,626.52",9670,
23/03/2015,23/03/2015,0,DEP.EFECTIVO 107701073,0,2113,"$1,971.50",,"$403,598.02",9671,
23/03/2015,23/03/2015,0,DEP.EFECTIVO 093001073,0,691,"$3,215.00",,"$406,813.02",9672,
23/03/2015,23/03/2015,0,DEP.EFECTIVO 95401057,0,295,"$1,493.00",,"$408,306.02",9673,
23/03/2015,23/03/2015,0,DEP.EFECTIVO 95401065,0,295,"$2,965.00",,"$411,271.02",9674,
23/03/2015,23/03/2015,0,DEP.EFECTIVO 95401073,0,295,"$1,011.50",,"$412,282.52",9675,
23/03/2015,23/03/2015,0,DEP.EFECTIVO 133301070,0,274,"$1,082.00",,"$413,364.52",9676,
23/03/2015,23/03/2015,0,DEP.EFECTIVO 133301062,0,274,"$1,929.00",,"$415,293.52",9677,
23/03/2015,23/03/2015,0,DEP.EFECTIVO 133301054,0,274,"$1,755.50",,"$417,049.02",9678,
23/03/2015,23/03/2015,0,DEP.EFECTIVO 98001038,0,2096,"$2,460.50",,"$419,509.52",9679,
23/03/2015,23/03/2015,0,DEP.EFECTIVO,0,2096,"$2,063.50",,"$421,573.02",9680,
23/03/2015,23/03/2015,0,DEP.EFECTIVO 099101015,0,1934,"$3,631.50",,"$425,204.52",9681,
23/03/2015,23/03/2015,0,DEP.EFECTIVO 099101013,0,1934,$453.00,,"$425,657.52",9682,
23/03/2015,23/03/2015,0,DEP.EFECTIVO 099101017,0,1934,"$3,613.50",,"$429,271.02",9683,
23/03/2015,23/03/2015,0,ANUL.DEP.EFECTIVO,501,2096,,"$2,063.50","$427,207.52",9684,
23/03/2015,23/03/2015,0,DEP.EFECTIVO 98001053,0,2096,"$2,063.50",,"$429,271.02",9685,
23/03/2015,23/03/2015,0,DEP.EFECTIVO 98001046,0,2096,"$1,390.00",,"$430,661.02",9686,
23/03/2015,23/03/2015,0,DEP.EFECTIVO 98001020,0,2096,"$1,998.50",,"$432,659.52",9687,
23/03/2015,23/03/2015,0,DEP.EFECTIVO 98001061,0,2096,"$2,607.70",,"$435,267.22",9688,
23/03/2015,23/03/2015,0,DEP.EFECTIVO 92508079,0,3630,"$5,205.00",,"$440,472.22",9689,
23/03/2015,23/03/2015,0,DEP.EFECTIVO,0,3630,"$5,564.70",,"$446,036.92",9690,
23/03/2015,23/03/2015,0,DEP.EFECTIVO 92508053,0,3630,"$4,998.00",,"$451,034.92",9691,
23/03/2015,23/03/2015,0,DEP.EFECTIVO 103409051,0,184,$639.80,,"$451,674.72",9692,
23/03/2015,23/03/2015,0,DEP.EFECTIVO 103409069,0,184,"$1,015.30",,"$452,690.02",9693,
23/03/2015,23/03/2015,0,DEP.EFECTIVO 1034090077,0,184,$501.00,,"$453,191.02",9694,
23/03/2015,23/03/2015,0,DEP.EFECTIVO 121801040,0,2547,"$1,370.50",,"$454,561.52",9695,
23/03/2015,23/03/2015,0,DEP.EFECTIVO 121801057,0,2547,$805.00,,"$455,366.52",9696,
23/03/2015,23/03/2015,0,DEP.EFECTIVO 121801065,0,2547,"$1,400.00",,"$456,766.52",9697,
23/03/2015,23/03/2015,0,DEP.EFECTIVO 121801073,0,2547,$482.50,,"$457,249.02",9698,
23/03/2015,23/03/2015,0,ANUL.DEP.EFECTIVO,501,3630,,"$5,564.70","$451,684.32",9699,
23/03/2015,23/03/2015,0,DEP.EFECTIVO 92508061,0,3630,"$5,564.70",,"$457,249.02",9700,
23/03/2015,23/03/2015,0,DEP.EFECTIVO 112401057,0,8701,"$1,239.00",,"$458,488.02",9701,
23/03/2015,23/03/2015,0,DEP.EFECTIVO 112401073,0,8701,"$1,345.50",,"$459,833.52",9702,
23/03/2015,23/03/2015,0,DEP.EFECTIVO 112401065,0,8701,"$1,178.00",,"$461,011.52",9703,
24/03/2015,24/03/2015,0,DEP.EFECTIVO 113201019,0,2331,"$4,440.00",,"$465,451.52",9704,
24/03/2015,24/03/2015,0,DEP.EFECTIVO 102101014,0,706,"$2,135.50",,"$467,587.02",9705,
24/03/2015,24/03/2015,200,TRASPASO A CUENTA PROPIA,790,8846,,"$467,587.01",$0.01,9706,"IVA:00000000.00 , A LA CUENTA 0136679699, 200 AL R.F.C. FTI9211036K2"
24/03/2015,24/03/2015,0,DEP.EFECTIVO 04120106,0,2325,"$3,301.50",,"$3,301.51",9707,
24/03/2015,24/03/2015,0,DEP.EFECTIVO 133448012,0,2460,"$2,754.00",,"$6,055.51",9708,
24/03/2015,24/03/2015,0,DEP.EFECTIVO 11911016,0,2126,"$2,092.50",,"$8,148.01",9709,
24/03/2015,24/03/2015,0,DEP.EFECTIVO 123601018,0,2306,$778.50,,"$8,926.51",9710,
24/03/2015,24/03/2015,0,DEP.EFECTIVO 107701016,0,2113,"$2,607.50",,"$11,534.01",9711,
24/03/2015,24/03/2015,0,DEP.EFECTIVO 141601016,0,1938,"$1,277.00",,"$12,811.01",9712,
24/03/2015,24/03/2015,0,DEP.EFECTIVO 117101017,0,1334,"$3,454.00",,"$16,265.01",9713,
24/03/2015,24/03/2015,0,DEP.EFECTIVO 1282030130,0,3190,"$1,156.00",,"$17,421.01",9714,
24/03/2015,24/03/2015,0,DEP.EFECTIVO 34602011,0,53,"$1,394.00",,"$18,815.01",9715,
24/03/2015,24/03/2015,0,DEP.EFECTIVO 094301016,0,1938,"$2,912.60",,"$21,727.61",9716,
24/03/2015,24/03/2015,0,DEP.EFECTIVO 118701016,0,2314,"$1,962.50",,"$23,690.11",9717,
24/03/2015,24/03/2015,0,DEP.EFECTIVO 098301016,0,2314,"$3,754.50",,"$27,444.61",9718,
24/03/2015,24/03/2015,0,DEP.EFECTIVO 117901010,0,2067,"$1,962.50",,"$29,407.11",9719,
24/03/2015,24/03/2015,0,DEP.EFECTIVO 124301014,0,1474,"$3,515.00",,"$32,922.11",9720,
24/03/2015,24/03/2015,0,DEP.EFECTIVO 102914010,0,8015,"$1,216.00",,"$34,138.11",9721,
24/03/2015,24/03/2015,0,DEP.EFECTIVO 110501016,0,8014,"$3,985.50",,"$38,123.61",9722,
24/03/2015,24/03/2015,0,DEP.EFECTIVO 117513013,0,1566,"$4,533.50",,"$42,657.11",9723,
24/03/2015,24/03/2015,0,DEP.EFECTIVO 102210013,0,8114,"$2,952.60",,"$45,609.71",9724,
24/03/2015,24/03/2015,0,DEP.EFECTIVO 126301016,0,464,"$2,166.00",,"$47,775.71",9725,
24/03/2015,24/03/2015,0,DEP.EFECTIVO 108204010,0,188,"$3,268.65",,"$51,044.36",9726,
24/03/2015,24/03/2015,0,DEP.EFECTIVO 124601074,0,116,"$3,444.00",,"$54,488.36",9727,
24/03/2015,24/03/2015,0,DEP.EFECTIVO 137001015,0,451,$566.50,,"$55,054.86",9728,
24/03/2015,24/03/2015,0,DEP.EFECTIVO 137601016,0,1470,"$3,500.50",,"$58,555.36",9729,
24/03/2015,24/03/2015,0,DEP.EFECTIVO 141001019,0,116,"$1,851.50",,"$60,406.86",9730,
24/03/2015,24/03/2015,0,DEP.EFECTIVO 108301016,0,3682,"$2,929.90",,"$63,336.76",9731,
24/03/2015,24/03/2015,0,DEP.EFECTIVO 124901011,0,2104,"$2,573.00",,"$65,909.76",9732,
24/03/2015,24/03/2015,0,DEP.EFECTIVO 111501014|,0,2290,"$3,692.20",,"$69,601.96",9733,
24/03/2015,24/03/2015,0,DEP.EFECTIVO 123501010,0,2104,"$1,462.50",,"$71,064.46",9734,
24/03/2015,24/03/2015,0,DEP.EFECTIVO 119301073,0,1536,"$1,048.00",,"$72,112.46",9735,
24/03/2015,24/03/2015,0,DEP.EFECTIVO 13807018,0,2605,"$4,121.50",,"$76,233.96",9736,
24/03/2015,24/03/2015,0,DEP.EFECTIVO 096824019,0,1490,"$6,414.00",,"$82,647.96",9737,
24/03/2015,24/03/2015,0,DEP.EFECTIVO 33402017,0,52,"$3,573.50",,"$86,221.46",9738,
24/03/2015,24/03/2015,0,DEP.EFECTIVO 104901015,0,2092,"$5,318.50",,"$91,539.96",9739,
24/03/2015,24/03/2015,0,DEP.EFECTIVO 122201016,0,2069,"$2,417.00",,"$93,956.96",9740,
24/03/2015,24/03/2015,0,DEP.EFECTIVO 1090100144,0,8113,"$4,438.50",,"$98,395.46",9741,
24/03/2015,24/03/2015,0,DEP.EFECTIVO 121201019,0,275,"$2,204.50",,"$100,599.96",9742,
24/03/2015,24/03/2015,0,DEP.EFECTIVO 131801014,0,2102,"$6,338.00",,"$106,937.96",9743,
24/03/2015,24/03/2015,0,DEP.EFECTIVO 116501016,0,1424,"$3,794.00",,"$110,731.96",9744,
24/03/2015,24/03/2015,0,DEP.EFECTIVO 106414017,0,8014,"$1,169.00",,"$111,900.96",9745,
24/03/2015,24/03/2015,0,DEP.EFECTIVO 122701016,0,2382,"$1,454.50",,"$113,355.46",9746,
24/03/2015,24/03/2015,0,DEP.EFECTIVO,0,2382,"$3,276.00",,"$116,631.46",9747,
24/03/2015,24/03/2015,0,DEP.EFECTIVO 1000300154,0,2552,"$2,710.00",,"$119,341.46",9748,
24/03/2015,24/03/2015,0,DEP.EFECTIVO 133201015,0,2183,"$1,975.00",,"$121,316.46",9749,
24/03/2015,24/03/2015,0,DEP.EFECTIVO 99213012,0,648,"$4,204.00",,"$125,520.46",9750,
24/03/2015,24/03/2015,0,ANUL.DEP.EFECTIVO,501,2382,,"$3,276.00","$122,244.46",9751,
24/03/2015,24/03/2015,0,DEP.EFECTIVO 96901015,0,2043,"$3,221.00",,"$125,465.46",9752,
24/03/2015,24/03/2015,0,DEP.EFECTIVO 150401016,0,2043,"$3,415.00",,"$128,880.46",9753,
24/03/2015,24/03/2015,0,DEP.EFECTIVO 120501016,0,2382,"$3,276.00",,"$132,156.46",9754,
24/03/2015,24/03/2015,0,DEP.EFECTIVO 091402019,0,727,"$1,050.80",,"$133,207.26",9755,
24/03/2015,24/03/2015,0,DEP.EFECTIVO 111024017,0,1490,"$2,112.50",,"$135,319.76",9756,
24/03/2015,24/03/2015,0,DEP.EFECTIVO 093001016,0,691,"$3,867.50",,"$139,187.26",9757,
24/03/2015,24/03/2015,0,DEP.EFECTIVO 121701018,0,831,$131.50,,"$139,318.76",9758,
24/03/2015,24/03/2015,0,DEP.EFECTIVO 119613076,0,7726,$509.40,,"$139,828.16",9759,
24/03/2015,24/03/2015,0,DEP.EFECTIVO 119613019,0,7726,$608.50,,"$140,436.66",9760,
24/03/2015,24/03/2015,0,DEP.EFECTIVO 129201016,0,295,"$1,801.50",,"$142,238.16",9761,
24/03/2015,24/03/2015,0,DEPOSITO DE CUENTA DE TERCEROS,0,4253,"$1,250.50",,"$143,488.66",9762,"DEPOSITO EFECTIVO OFICINA TELECOMM 30035, REFERENCIA CLIENTE 0000000000"
24/03/2015,24/03/2015,0,DEP.EFECTIVO 13160101,0,2162,"$3,004.50",,"$146,493.16",9763,
24/03/2015,24/03/2015,0,DEP.EFECTIVO 35102011,0,52,"$3,060.75",,"$149,553.91",9764,
24/03/2015,24/03/2015,0,DEP.EFECTIVO 104727011,0,3705,"$2,309.00",,"$151,862.91",9765,
24/03/2015,24/03/2015,0,DEP.EFECTIVO 1145300172,0,2552,"$1,407.00",,"$153,269.91",9766,
24/03/2015,24/03/2015,0,DEP.EFECTIVO 101333014,0,3682,"$6,076.90",,"$159,346.81",9767,
24/03/2015,24/03/2015,0,DEP.EFECTIVO 121801016,0,2162,"$1,768.60",,"$161,115.41",9768,
24/03/2015,24/03/2015,0,DEP.EFECTIVO 1133010170,0,2043,"$3,018.50",,"$164,133.91",9769,
24/03/2015,24/03/2015,0,DEP.EFECTIVO 98001079,0,2162,"$1,626.60",,"$165,760.51",9770,
24/03/2015,24/03/2015,0,DEP.EFECTIVO 1114130104,0,1974,"$3,206.70",,"$168,967.21",9771,
24/03/2015,24/03/2015,0,DEP.EFECTIVO 099101016,0,1934,"$2,510.50",,"$171,477.71",9772,
24/03/2015,24/03/2015,0,DEP.EFECTIVO 92508012,0,3630,"$5,184.00",,"$176,661.71",9773,
24/03/2015,24/03/2015,0,DEP.EFECTIVO 95401016,0,295,"$2,319.50",,"$178,981.21",9774,
24/03/2015,24/03/2015,0,DEP.EFECTIVO 117001019,0,3,"$2,941.50",,"$181,922.71",9775,
24/03/2015,24/03/2015,0,DEP.EFECTIVO 103409010,0,82,$906.00,,"$182,828.71",9776,
24/03/2015,24/03/2015,0,DEP.EFECTIVO 133301013,0,2162,"$2,135.00",,"$184,963.71",9777,
24/03/2015,24/03/2015,0,DEP.EFECTIVO 112401016,0,8717,"$1,513.00",,"$186,476.71",9778,
24/03/2015,24/03/2015,0,DEP.EFECTIVO 105122014,0,1976,"$3,082.50",,"$189,559.21",9779,
24/03/2015,24/03/2015,0,DEP.EFECTIVO 1209130110,0,1536,"$2,582.90",,"$192,142.11",9780,
25/03/2015,25/03/2015,0,DEP.EFECTIVO 102101022,0,706,"$2,487.60",,"$194,629.71",9781,
25/03/2015,25/03/2015,0,DEP.EFECTIVO 129201014,0,295,"$2,188.00",,"$196,817.71",9782,
25/03/2015,25/03/2015,0,DEP.EFECTIVO 108301024,0,3682,"$3,974.30",,"$200,792.01",9783,
25/03/2015,25/03/2015,200,TRASPASO A CUENTA PROPIA,790,8846,,"$200,792.00",$0.01,9784,"IVA:00000000.00 , A LA CUENTA 0136679699, 200 AL R.F.C. FTI9211036K2"
25/03/2015,25/03/2015,0,DEP.EFECTIVO 106414025,0,8014,"$1,548.00",,"$1,548.01",9785,
25/03/2015,25/03/2015,0,DEP.EFECTIVO 110501024,0,8014,"$2,601.00",,"$4,149.01",9786,
25/03/2015,25/03/2015,0,DEP.EFECTIVO 13807026,0,2605,"$2,390.00",,"$6,539.01",9787,
25/03/2015,25/03/2015,0,DEP.EFECTIVO 102914028,0,8015,"$1,539.00",,"$8,078.01",9788,
25/03/2015,25/03/2015,0,DEP.EFECTIVO 133448020,0,2460,"$2,186.50",,"$10,264.51",9789,
25/03/2015,25/03/2015,0,DEP.EFECTIVO 124301022,0,1474,"$3,025.00",,"$13,289.51",9790,
25/03/2015,25/03/2015,0,DEP.EFECTIVO 35102029,0,52,$17.00,,"$13,306.51",9791,
25/03/2015,25/03/2015,0,DEP.EFECTIVO 35102029,0,52,$456.50,,"$13,763.01",9792,
25/03/2015,25/03/2015,0,DEP.EFECTIVO 108204028,0,188,"$2,675.00",,"$16,438.01",9793,
25/03/2015,25/03/2015,0,DEP.EFECTIVO 124901029,0,2104,"$2,745.00",,"$19,183.01",9794,
25/03/2015,25/03/2015,0,DEP.EFECTIVO 137001023,0,2049,$736.50,,"$19,919.51",9795,
25/03/2015,25/03/2015,0,DEP.EFECTIVO 117901028,0,2067,"$1,964.00",,"$21,883.51",9796,
25/03/2015,25/03/2015,0,DEP.EFECTIVO 1282030290,0,3190,"$1,571.50",,"$23,455.01",9797,
25/03/2015,25/03/2015,0,DEP.EFECTIVO 33402025,0,52,"$2,581.50",,"$26,036.51",9798,
25/03/2015,25/03/2015,0,DEP.EFECTIVO 124601025,0,2009,"$3,788.50",,"$29,825.01",9799,
25/03/2015,25/03/2015,0,DEPOSITO DE CUENTA DE TERCEROS,0,4253,$648.00,,"$30,473.01",9800,"DEPOSITO EFECTIVO OFICINA TELECOMM 30035, REFERENCIA CLIENTE 0000000000"
25/03/2015,25/03/2015,0,DEP.EFECTIVO 126301024,0,464,"$2,397.50",,"$32,870.51",9801,
25/03/2015,25/03/2015,0,DEP.EFECTIVO 123601026,0,2306,"$1,021.50",,"$33,892.01",9802,
25/03/2015,25/03/2015,0,DEP.EFECTIVO 96824027,0,1490,"$3,877.00",,"$37,769.01",9803,
25/03/2015,25/03/2015,0,DEP.EFECTIVO 098301024,0,2314,"$5,241.00",,"$43,010.01",9804,
25/03/2015,25/03/2015,0,DEP.EFECTIVO 111024025,0,1490,"$1,449.50",,"$44,459.51",9805,
25/03/2015,25/03/2015,0,DEP.EFECTIVO 0412010243,0,2325,"$3,450.50",,"$47,910.01",9806,
25/03/2015,25/03/2015,0,DEP.EFECTIVO 118701024,0,2314,"$2,893.50",,"$50,803.51",9807,
25/03/2015,25/03/2015,0,DEP.EFECTIVO 121201027,0,275,"$2,598.50",,"$53,402.01",9808,
25/03/2015,25/03/2015,0,DEP.EFECTIVO 111501022,0,2290,"$4,601.50",,"$58,003.51",9809,
25/03/2015,25/03/2015,0,DEP.EFECTIVO 133201023,0,2183,"$1,525.00",,"$59,528.51",9810,
25/03/2015,25/03/2015,0,DEP.EFECTIVO 104727029,0,3705,"$1,871.00",,"$61,399.51",9811,
25/03/2015,25/03/2015,0,DEP.EFECTIVO 141601024,0,1938,"$2,041.50",,"$63,441.01",9812,
25/03/2015,25/03/2015,0,DEP.EFECTIVO 1114130264,0,1974,"$2,204.50",,"$65,645.51",9813,
25/03/2015,25/03/2015,0,DEP.EFECTIVO 107701024,0,2113,"$2,867.50",,"$68,513.01",9814,
25/03/2015,25/03/2015,0,DEP.EFECTIVO 13160102,0,117,"$3,296.50",,"$71,809.51",9815,
25/03/2015,25/03/2015,0,DEP.EFECTIVO 122201014,0,2069,"$2,044.00",,"$73,853.51",9816,
25/03/2015,25/03/2015,0,DEP.EFECTIVO 91402027,0,727,"$2,273.00",,"$76,126.51",9817,
25/03/2015,25/03/2015,0,DEP.EFECTIVO,0,691,"$3,176.50",,"$79,303.01",9818,
25/03/2015,25/03/2015,0,DEP.EFECTIVO 137601014,0,1470,"$2,937.00",,"$82,240.01",9819,
25/03/2015,25/03/2015,0,DEP.EFECTIVO 117513021,0,1566,"$3,347.50",,"$85,587.51",9820,
25/03/2015,25/03/2015,0,DEP.EFECTIVO 1000300217,0,2552,"$3,253.50",,"$88,841.01",9821,
25/03/2015,25/03/2015,0,DEP.EFECTIVO 34602029,0,52,"$1,316.00",,"$90,157.01",9822,
25/03/2015,25/03/2015,0,DEP.EFECTIVO 131801022,0,2102,"$5,359.50",,"$95,516.51",9823,
25/03/2015,25/03/2015,0,DEP.EFECTIVO 119613027,0,7726,"$1,100.35",,"$96,616.86",9824,
25/03/2015,25/03/2015,0,DEP.EFECTIVO 1133010233,0,2043,"$3,175.50",,"$99,792.36",9825,
25/03/2015,25/03/2015,0,DEP.EFECTIVO 96901023,0,2043,"$2,862.50",,"$102,654.86",9826,
25/03/2015,25/03/2015,0,DEP.EFECTIVO 122701024,0,2325,"$1,097.50",,"$103,752.36",9827,
25/03/2015,25/03/2015,0,DEP.EFECTIVO,0,184,"$1,192.05",,"$104,944.41",9828,
25/03/2015,25/03/2015,0,DEP.EFECTIVO 150401024,0,2043,"$3,890.00",,"$108,834.41",9829,
25/03/2015,25/03/2015,0,ANUL.DEP.EFECTIVO,501,184,,"$1,192.05","$107,642.36",9830,
25/03/2015,25/03/2015,0,DEP.EFECTIVO 103409028,0,184,"$1,192.05",,"$108,834.41",9831,
25/03/2015,25/03/2015,0,DEP.EFECTIVO 1145300235,0,2552,"$2,092.50",,"$110,926.91",9832,
25/03/2015,25/03/2015,0,DEP.EFECTIVO 121701026,0,831,$897.50,,"$111,824.41",9833,
25/03/2015,25/03/2015,0,DEP.EFECTIVO 094301024,0,1938,"$2,210.00",,"$114,034.41",9834,
25/03/2015,25/03/2015,0,DEP.EFECTIVO 116501024,0,1424,"$2,533.00",,"$116,567.41",9835,
25/03/2015,25/03/2015,0,DEP.EFECTIVO 95401024,0,295,"$3,279.50",,"$119,846.91",9836,
25/03/2015,25/03/2015,0,DEP.EFECTIVO 131013016,0,1508,"$1,797.00",,"$121,643.91",9837,
25/03/2015,25/03/2015,0,DEP.EFECTIVO 131013024,0,1508,"$2,216.50",,"$123,860.41",9838,
25/03/2015,25/03/2015,0,DEP.EFECTIVO 101333022,0,3682,"$3,346.20",,"$127,206.61",9839,
25/03/2015,25/03/2015,0,DEP.EFECTIVO 123501028,0,2104,"$1,543.00",,"$128,749.61",9840,
25/03/2015,25/03/2015,0,DEP.EFECTIVO 141001027,0,116,$901.00,,"$129,650.61",9841,
25/03/2015,25/03/2015,0,DEP.EFECTIVO 102210021,0,8114,"$2,942.00",,"$132,592.61",9842,
25/03/2015,25/03/2015,0,DEP.EFECTIVO 117101025,0,1334,"$2,187.00",,"$134,779.61",9843,
25/03/2015,25/03/2015,0,DEP.EFECTIVO 98001012,0,2096,"$2,272.00",,"$137,051.61",9844,
25/03/2015,25/03/2015,0,DEP.EFECTIVO 120501024,0,2382,"$3,834.50",,"$140,886.11",9845,
25/03/2015,25/03/2015,0,DEP.EFECTIVO 104901023,0,2092,"$1,885.70",,"$142,771.81",9846,
25/03/2015,25/03/2015,0,DEP.EFECTIVO,0,8113,"$4,265.00",,"$147,036.81",9847,
25/03/2015,25/03/2015,0,ANUL.DEP.EFECTIVO,501,8113,,"$4,265.00","$142,771.81",9848,
25/03/2015,25/03/2015,0,DEP.EFECTIVO 1090100207,0,8113,"$4,265.00",,"$147,036.81",9849,
25/03/2015,25/03/2015,0,DEP.EFECTIVO 113201027,0,2331,"$3,339.50",,"$150,376.31",9850,
25/03/2015,25/03/2015,0,DEP.EFECTIVO 92508020,0,3630,"$5,448.40",,"$155,824.71",9851,
25/03/2015,25/03/2015,0,DEP.EFECTIVO 133301021,0,274,"$1,258.00",,"$157,082.71",9852,
25/03/2015,25/03/2015,0,DEP.EFECTIVO 117001027,0,274,"$2,282.50",,"$159,365.21",9853,
25/03/2015,25/03/2015,0,DEP.EFECTIVO 1209130270,0,1508,"$1,811.50",,"$161,176.71",9854,
25/03/2015,25/03/2015,0,DEP.EFECTIVO 119101024,0,2126,"$2,618.00",,"$163,794.71",9855,
25/03/2015,25/03/2015,0,DEP.EFECTIVO,0,1508,"$3,065.10",,"$166,859.81",9856,
25/03/2015,25/03/2015,0,ANUL.DEP.EFECTIVO,501,1508,,"$3,065.10","$163,794.71",9857,
25/03/2015,25/03/2015,0,DEP.EFECTIVO 99213020,0,1508,"$3,065.10",,"$166,859.81",9858,
25/03/2015,25/03/2015,0,DEP.EFECTIVO 121801024,0,2547,"$1,508.00",,"$168,367.81",9859,
25/03/2015,25/03/2015,0,ANUL.DEP.EFECTIVO 14100,501,116,,$901.00,"$167,466.81",9860,
25/03/2015,25/03/2015,0,DEP.EFECTIVO 141001027,0,116,$801.00,,"$168,267.81",9861,
25/03/2015,25/03/2015,0,DEP.EFECTIVO 112401024,0,8717,"$1,398.00",,"$169,665.81",9862,
25/03/2015,25/03/2015,0,DEP.EFECTIVO 099101014,0,1934,"$2,697.50",,"$172,363.31",9863,
25/03/2015,25/03/2015,0,DEP.EFECTIVO 105122022,0,1976,"$2,154.50",,"$174,517.81",9864,
26/03/2015,26/03/2015,200,TRASPASO A CUENTA PROPIA,790,8846,,"$174,517.80",$0.01,9865,"IVA:00000000.00 , A LA CUENTA 0136679699, 200 AL R.F.C. FTI9211036K2"
26/03/2015,26/03/2015,0,DEP.EFECTIVO 102101030,0,706,"$2,354.00",,"$2,354.01",9866,
26/03/2015,26/03/2015,0,DEP.EFECTIVO 133448038,0,2460,"$3,324.00",,"$5,678.01",9867,
26/03/2015,26/03/2015,0,DEP.EFECTIVO 137001031,0,2049,$852.00,,"$6,530.01",9868,
26/03/2015,27/03/2015,0,CHQ.LOCAL 001472 121701018,6,802,"$1,313.00",,"$7,843.01",9869,BCO :0044 CTA. 0001703687988 NO.CHEQUE 0000001472
26/03/2015,26/03/2015,0,DEP.EFECTIVO 1282030353,0,3190,"$1,419.00",,"$9,262.01",9870,
26/03/2015,26/03/2015,0,DEP.EFECTIVO 110501032,0,8014,"$2,770.50",,"$12,032.51",9871,
26/03/2015,26/03/2015,0,DEP.EFECTIVO 1068301032,0,3682,"$1,597.00",,"$13,629.51",9872,
26/03/2015,26/03/2015,0,DEP.EFECTIVO 117101033,0,1334,"$2,786.00",,"$16,415.51",9873,
26/03/2015,26/03/2015,0,DEP.EFECTIVO 124601033,0,116,"$3,010.00",,"$19,425.51",9874,
26/03/2015,26/03/2015,0,DEP.EFECTIVO 118701032,0,2314,"$2,191.50",,"$21,617.01",9875,
26/03/2015,26/03/2015,0,DEP.EFECTIVO 108204036,0,188,"$2,066.50",,"$23,683.51",9876,
26/03/2015,26/03/2015,0,DEP.EFECTIVO 098301032,0,2314,"$4,144.00",,"$27,827.51",9877,
26/03/2015,26/03/2015,0,DEP.EFECTIVO 124301030,0,1474,"$3,020.50",,"$30,848.01",9878,
26/03/2015,26/03/2015,0,DEP.EFECTIVO 121201035,0,275,"$1,611.50",,"$32,459.51",9879,
26/03/2015,26/03/2015,0,DEP.EFECTIVO 13807034,0,2605,"$3,702.50",,"$36,162.01",9880,
26/03/2015,26/03/2015,0,DEP.EFECTIVO 123601034,0,2306,"$1,095.50",,"$37,257.51",9881,
26/03/2015,26/03/2015,0,DEP.EFECTIVO 117901036,0,2067,"$2,266.00",,"$39,523.51",9882,
26/03/2015,26/03/2015,0,DEP.EFECTIVO 34602037,0,143,"$1,648.00",,"$41,171.51",9883,
26/03/2015,26/03/2015,0,DEP.EFECTIVO 133301039,0,274,"$1,993.50",,"$43,165.01",9884,
26/03/2015,26/03/2015,0,DEP.EFECTIVO 131013032,0,647,"$1,030.50",,"$44,195.51",9885,
26/03/2015,26/03/2015,0,DEP.EFECTIVO 141001035,0,116,"$1,386.00",,"$45,581.51",9886,
26/03/2015,26/03/2015,0,DEP.EFECTIVO 041201032,0,2325,"$2,611.50",,"$48,193.01",9887,
26/03/2015,26/03/2015,0,DEP.EFECTIVO 11150103,0,2290,"$3,766.50",,"$51,959.51",9888,
26/03/2015,26/03/2015,0,DEP.EFECTIVO 124901037,0,2104,"$2,371.00",,"$54,330.51",9889,
26/03/2015,26/03/2015,0,DEP.EFECTIVO 91402035,0,727,"$1,602.00",,"$55,932.51",9890,
26/03/2015,26/03/2015,0,DEP.EFECTIVO 99213038,0,648,"$3,503.00",,"$59,435.51",9891,
26/03/2015,26/03/2015,0,DEP.EFECTIVO 96824076,0,2605,"$2,275.50",,"$61,711.01",9892,
26/03/2015,26/03/2015,0,DEP.EFECTIVO 122201012,0,2069,"$2,106.00",,"$63,817.01",9893,
26/03/2015,26/03/2015,0,DEP.EFECTIVO 111024033,0,1490,"$2,620.00",,"$66,437.01",9894,
26/03/2015,26/03/2015,0,DEP.EFECTIVO 1332201031,0,12,"$2,465.50",,"$68,902.51",9895,
26/03/2015,26/03/2015,0,DEP.EFECTIVO 117001035,0,274,"$3,182.00",,"$72,084.51",9896,
26/03/2015,26/03/2015,0,DEP.EFECTIVO 141601032,0,1938,$964.50,,"$73,049.01",9897,
26/03/2015,26/03/2015,0,DEP.EFECTIVO 117513039,0,1566,"$3,488.00",,"$76,537.01",9898,
26/03/2015,26/03/2015,0,DEP.EFECTIVO 102210039,0,8114,"$2,679.50",,"$79,216.51",9899,
26/03/2015,26/03/2015,0,DEP.EFECTIVO 1000300377,0,2552,"$3,378.50",,"$82,595.01",9900,
26/03/2015,26/03/2015,0,DEP.EFECTIVO 1145300395,0,2552,"$1,697.00",,"$84,292.01",9901,
26/03/2015,26/03/2015,0,DEP.EFECTIVO 123501036,0,2104,"$1,663.50",,"$85,955.51",9902,
26/03/2015,26/03/2015,0,DEP.EFECTIVO 099101012,0,1934,"$3,160.00",,"$89,115.51",9903,
26/03/2015,26/03/2015,0,DEP.EFECTIVO 116501032,0,1424,"$3,149.50",,"$92,265.01",9904,
26/03/2015,26/03/2015,0,DEP.EFECTIVO 131801030,0,2102,"$6,536.50",,"$98,801.51",9905,
26/03/2015,26/03/2015,0,DEP.EFECTIVO 119613035,0,7726,$645.50,,"$99,447.01",9906,
26/03/2015,26/03/2015,0,DEPOSITO DE CUENTA DE TERCEROS,0,4253,"$1,087.00",,"$100,534.01",9907,"DEPOSITO EFECTIVO OFICINA TELECOMM 30035, REFERENCIA CLIENTE 0000000000"
26/03/2015,26/03/2015,0,DEP.EFECTIVO 107701032,0,2113,"$1,740.50",,"$102,274.51",9908,
26/03/2015,26/03/2015,0,DEP.EFECTIVO 1209130333,0,1536,"$1,819.50",,"$104,094.01",9909,
26/03/2015,26/03/2015,0,DEP.EFECTIVO 104727037,0,3705,"$1,050.50",,"$105,144.51",9910,
26/03/2015,26/03/2015,0,DEP.EFECTIVO 33402033,0,52,"$1,496.00",,"$106,640.51",9911,
26/03/2015,26/03/2015,0,DEP.EFECTIVO 13160103,0,117,"$2,842.00",,"$109,482.51",9912,
26/03/2015,26/03/2015,0,DEP.EFECTIVO 1090100367,0,8113,"$2,811.90",,"$112,294.41",9913,
26/03/2015,27/03/2015,0,CHQ.LOCAL 016330 33402033,6,52,"$2,683.00",,"$114,977.41",9914,BCO :0044 CTA. 0014504659449 NO.CHEQUE 0000016330
26/03/2015,26/03/2015,0,DEP.EFECTIVO 119301016,0,1536,"$1,440.50",,"$116,417.91",9915,
26/03/2015,26/03/2015,0,DEP.EFECTIVO 119301024,0,1536,"$1,835.50",,"$118,253.41",9916,
26/03/2015,26/03/2015,0,DEP.EFECTIVO 101333030,0,3682,"$3,973.60",,"$122,227.01",9917,
26/03/2015,26/03/2015,0,DEP.EFECTIVO 093001032,0,691,"$2,854.50",,"$125,081.51",9918,
26/03/2015,26/03/2015,0,DEP.EFECTIVO 1114130327,0,1974,"$2,474.40",,"$127,555.91",9919,
26/03/2015,26/03/2015,0,DEP.EFECTIVO 150401032,0,2043,"$2,357.00",,"$129,912.91",9920,
26/03/2015,26/03/2015,0,DEP.EFECTIVO 96901031,0,2043,"$2,328.50",,"$132,241.41",9921,
26/03/2015,26/03/2015,0,DEP.EFECTIVO 1133010393,0,2043,"$3,089.50",,"$135,330.91",9922,
26/03/2015,26/03/2015,0,DEP.EFECTIVO 120501032,0,2325,"$3,072.00",,"$138,402.91",9923,
26/03/2015,26/03/2015,0,DEP.EFECTIVO 122701032,0,2325,"$1,402.00",,"$139,804.91",9924,
26/03/2015,26/03/2015,0,DEP.EFECTIVO 137601012,0,1470,"$2,879.00",,"$142,683.91",9925,
26/03/2015,26/03/2015,0,DEP.EFECTIVO 103409036,0,7461,"$2,200.00",,"$144,883.91",9926,
26/03/2015,26/03/2015,0,DEP.EFECTIVO 129201012,0,295,"$2,170.50",,"$147,054.41",9927,
26/03/2015,26/03/2015,0,DEP.EFECTIVO 98001038,0,2096,"$2,052.50",,"$149,106.91",9928,
26/03/2015,26/03/2015,0,DEP.EFECTIVO 102914036,0,8015,"$1,502.00",,"$150,608.91",9929,
26/03/2015,26/03/2015,0,DEP.EFECTIVO 98001080,0,2096,"$1,890.50",,"$152,499.41",9930,
26/03/2015,26/03/2015,0,DEP.EFECTIVO 106414033,0,8014,$805.00,,"$153,304.41",9931,
26/03/2015,26/03/2015,0,DEP.EFECTIVO 95401032,0,295,"$2,623.50",,"$155,927.91",9932,
26/03/2015,26/03/2015,0,DEP.EFECTIVO 126301032,0,464,"$2,737.00",,"$158,664.91",9933,
26/03/2015,26/03/2015,0,DEP.EFECTIVO 121701034,0,831,"$1,104.50",,"$159,769.41",9934,
26/03/2015,26/03/2015,0,DEP.EFECTIVO 92508038,0,3630,"$4,403.50",,"$164,172.91",9935,
26/03/2015,26/03/2015,0,DEP.EFECTIVO 113201035,0,2331,"$3,987.00",,"$168,159.91",9936,
26/03/2015,26/03/2015,0,DEP.EFECTIVO 119101032,0,2126,"$1,924.50",,"$170,084.41",9937,
26/03/2015,26/03/2015,0,ANUL.DEP.EFECTIVO 98001,501,2096,,"$1,890.50","$168,193.91",9938,
26/03/2015,26/03/2015,0,DEP.EFECTIVO 98001020,0,2096,"$1,890.50",,"$170,084.41",9939,
26/03/2015,26/03/2015,0,DEP.EFECTIVO 104901031,0,2092,"$4,146.00",,"$174,230.41",9940,
26/03/2015,26/03/2015,0,DEP.EFECTIVO 112401032,0,8701,"$2,290.00",,"$176,520.41",9941,
26/03/2015,26/03/2015,0,DEP.EFECTIVO 121801032,0,2547,"$1,205.00",,"$177,725.41",9942,
27/03/2015,27/03/2015,0,DEP.EFECTIVO 137001049,0,2346,"$1,002.50",,"$178,727.91",9943,
27/03/2015,27/03/2015,0,DEP.EFECTIVO 102101048,0,706,"$2,711.00",,"$181,438.91",9944,
27/03/2015,27/03/2015,200,TRASPASO A CUENTA PROPIA,790,8846,,"$177,442.90","$3,996.01",9945,"IVA:00000000.00 , A LA CUENTA 0136679699, 200 AL R.F.C. FTI9211036K2"
27/03/2015,27/03/2015,0,DEP.EFECTIVO 137601019,0,1470,"$1,666.50",,"$5,662.51",9946,
27/03/2015,27/03/2015,0,DEP.EFECTIVO 108204044,0,188,"$3,063.50",,"$8,726.01",9947,
27/03/2015,27/03/2015,0,DEP.EFECTIVO 133448046,0,2460,"$2,295.00",,"$11,021.01",9948,
27/03/2015,27/03/2015,0,DEP.EFECTIVO 107701040,0,2113,"$2,142.00",,"$13,163.01",9949,
27/03/2015,27/03/2015,0,DEP.EFECTIVO 117101041,0,1334,"$1,719.00",,"$14,882.01",9950,
27/03/2015,27/03/2015,0,DEP.EFECTIVO 124301048,0,1474,"$2,440.00",,"$17,322.01",9951,
27/03/2015,27/03/2015,0,DEP.EFECTIVO 1282030416,0,3190,$900.50,,"$18,222.51",9952,
27/03/2015,27/03/2015,0,DEP.EFECTIVO 13807042,0,2605,"$2,384.50",,"$20,607.01",9953,
27/03/2015,27/03/2015,0,DEP.EFECTIVO 123601042,0,2306,"$1,320.50",,"$21,927.51",9954,
27/03/2015,27/03/2015,0,DEP.EFECTIVO 96824043,0,1490,"$4,142.00",,"$26,069.51",9955,
27/03/2015,27/03/2015,0,DEP.EFECTIVO 119613043,0,7726,"$1,204.45",,"$27,273.96",9956,
27/03/2015,27/03/2015,0,DEP.EFECTIVO 121801040,0,2331,"$1,323.50",,"$28,597.46",9957,
27/03/2015,27/03/2015,0,DEP.EFECTIVO 34602045,0,52,"$1,983.10",,"$30,580.56",9958,
27/03/2015,27/03/2015,0,DEP.EFECTIVO 124601041,0,2009,"$2,551.00",,"$33,131.56",9959,
27/03/2015,27/03/2015,0,DEP.EFECTIVO 92508046,0,3630,"$4,497.50",,"$37,629.06",9960,
27/03/2015,27/03/2015,0,DEP.EFECTIVO 098301049,0,2314,"$3,599.00",,"$41,228.06",9961,
27/03/2015,27/03/2015,0,DEP.EFECTIVO 131013040,0,647,"$1,282.00",,"$42,510.06",9962,
27/03/2015,27/03/2015,0,DEP.EFECTIVO 133201049,0,2183,"$2,454.80",,"$44,964.86",9963,
27/03/2015,27/03/2015,0,DEP.EFECTIVO 117513047,0,1566,"$3,008.50",,"$47,973.36",9964,
27/03/2015,27/03/2015,0,DEP.EFECTIVO 111501048,0,2290,"$4,071.00",,"$52,044.36",9965,
27/03/2015,27/03/2015,0,DEP.EFECTIVO 111024041,0,1490,"$2,427.50",,"$54,471.86",9966,
27/03/2015,27/03/2015,0,DEP.EFECTIVO 111024033,0,1490,$0.50,,"$54,472.36",9967,
27/03/2015,27/03/2015,0,DEP.EFECTIVO 141001043,0,2009,"$1,521.00",,"$55,993.36",9968,
27/03/2015,27/03/2015,0,DEP.EFECTIVO 106414041,0,8014,"$1,923.50",,"$57,916.86",9969,
27/03/2015,27/03/2015,0,DEP.EFECTIVO 126301049,0,464,"$2,685.00",,"$60,601.86",9970,
27/03/2015,27/03/2015,0,DEP.EFECTIVO 041201049,0,2325,"$3,689.00",,"$64,290.86",9971,
27/03/2015,27/03/2015,0,DEP.EFECTIVO 96901049,0,2043,"$2,475.50",,"$66,766.36",9972,
27/03/2015,27/03/2015,0,DEP.EFECTIVO 123501044,0,2104,"$1,976.50",,"$68,742.86",9973,
27/03/2015,27/03/2015,0,DEP.EFECTIVO 124901045,0,2104,"$2,335.00",,"$71,077.86",9974,
27/03/2015,27/03/2015,0,DEP.EFECTIVO 102210047,0,8114,"$1,803.00",,"$72,880.86",9975,
27/03/2015,27/03/2015,0,DEP.EFECTIVO 110501049,0,8014,"$2,997.00",,"$75,877.86",9976,
27/03/2015,27/03/2015,0,DEP.EFECTIVO 131801048,0,2102,"$5,356.50",,"$81,234.36",9977,
27/03/2015,27/03/2015,0,DEP.EFECTIVO 1000300440,0,2552,"$1,687.60",,"$82,921.96",9978,
27/03/2015,27/03/2015,0,DEP.EFECTIVO 33402041,0,52,"$2,242.50",,"$85,164.46",9979,
27/03/2015,27/03/2015,0,DEP.EFECTIVO 122201019,0,2069,"$2,817.50",,"$87,981.96",9980,
27/03/2015,27/03/2015,0,DEP.EFECTIVO 1145300458,0,2552,"$1,172.50",,"$89,154.46",9981,
27/03/2015,27/03/2015,0,DEP.EFECTIVO 13160104,0,117,"$1,843.50",,"$90,997.96",9982,
27/03/2015,27/03/2015,0,DEP.EFECTIVO 116501049,0,1424,"$2,559.50",,"$93,557.46",9983,
27/03/2015,27/03/2015,0,DEP.EFECTIVO 094301032,0,1938,"$2,096.50",,"$95,653.96",9984,
27/03/2015,27/03/2015,0,DEP.EFECTIVO 094301049,0,1938,"$1,723.70",,"$97,377.66",9985,
27/03/2015,27/03/2015,0,DEP.EFECTIVO 117901044,0,2067,"$2,232.00",,"$99,609.66",9986,
27/03/2015,27/03/2015,0,DEP.EFECTIVO 101333048,0,3682,"$3,588.60",,"$103,198.26",9987,
27/03/2015,27/03/2015,0,DEP.EFECTIVO 99213046,0,648,"$4,017.50",,"$107,215.76",9988,
27/03/2015,27/03/2015,0,DEP.EFECTIVO 133301047,0,274,"$2,439.00",,"$109,654.76",9989,
27/03/2015,27/03/2015,0,DEP.EFECTIVO 91402043,0,727,"$1,825.30",,"$111,480.06",9990,
27/03/2015,27/03/2015,0,DEP.EFECTIVO 122701049,0,2325,"$1,030.50",,"$112,510.56",9991,
27/03/2015,27/03/2015,0,DEP.EFECTIVO 105122030,0,1976,"$2,875.00",,"$115,385.56",9992,
27/03/2015,27/03/2015,0,DEP.EFECTIVO 150401040,0,2043,"$2,963.50",,"$118,349.06",9993,
27/03/2015,27/03/2015,0,DEPOSITO DE CUENTA DE TERCEROS,0,4253,$248.00,,"$118,597.06",9994,"DEPOSITO EFECTIVO OFICINA TELECOMM 30035, REFERENCIA CLIENTE 0000000000"
27/03/2015,27/03/2015,0,DEP.EFECTIVO 141601049,0,1938,"$1,444.50",,"$120,041.56",9995,
27/03/2015,27/03/2015,0,DEP.EFECTIVO 095401049,0,295,"$1,291.00",,"$121,332.56",9996,
27/03/2015,27/03/2015,0,DEP.EFECTIVO 118701049,0,2314,"$2,993.00",,"$124,325.56",9997,
27/03/2015,27/03/2015,0,DEP.EFECTIVO 121201043,0,275,"$1,907.00",,"$126,232.56",9998,
27/03/2015,27/03/2015,0,DEP.EFECTIVO 117001043,0,274,"$3,283.00",,"$129,515.56",9999,
27/03/2015,27/03/2015,0,DEP.EFECTIVO 119101049,0,2126,"$1,829.50",,"$131,345.06",10000,
27/03/2015,27/03/2015,0,DEP.EFECTIVO 1205201049,0,2325,"$3,288.00",,"$134,633.06",10001,
27/03/2015,27/03/2015,0,DEP.EFECTIVO 129201019,0,295,"$1,010.00",,"$135,643.06",10002,
27/03/2015,27/03/2015,0,DEP.EFECTIVO 102914044,0,8015,"$1,593.50",,"$137,236.56",10003,
27/03/2015,27/03/2015,0,DEP.EFECTIVO 113201043,0,2331,"$3,797.00",,"$141,033.56",10004,
27/03/2015,27/03/2015,0,DEP.EFECTIVO 1090100430,0,8117,"$3,061.00",,"$144,094.56",10005,
27/03/2015,27/03/2015,0,DEP.EFECTIVO 103409044,0,7450,"$1,407.40",,"$145,501.96",10006,
27/03/2015,27/03/2015,0,DEP.EFECTIVO 108301049,0,3682,"$2,380.40",,"$147,882.36",10007,
27/03/2015,27/03/2015,0,DEP.EFECTIVO 1133010456,0,2043,"$3,319.00",,"$151,201.36",10008,
27/03/2015,27/03/2015,0,DEP.EFECTIVO 119301032,0,1536,"$2,711.50",,"$153,912.86",10009,
27/03/2015,27/03/2015,0,DEP.EFECTIVO 119301049,0,1536,"$1,446.00",,"$155,358.86",10010,
27/03/2015,27/03/2015,0,DEP.EFECTIVO 104727045,0,3705,$903.50,,"$156,262.36",10011,
27/03/2015,27/03/2015,0,DEP.EFECTIVO 104901049,0,2092,"$2,638.00",,"$158,900.36",10012,
27/03/2015,27/03/2015,0,DEP.EFECTIVO 112401049,0,8717,"$1,313.00",,"$160,213.36",10013,
27/03/2015,27/03/2015,0,DEP.EFECTIVO 099101019,0,1934,"$2,727.00",,"$162,940.36",10014,
27/03/2015,27/03/2015,0,DEP.EFECTIVO 121701042,0,831,$705.00,,"$163,645.36",10015,
28/03/2015,30/03/2015,0,DEP.EFECTIVO 108204051,0,188,"$3,036.50",,"$166,681.86",10016,
28/03/2015,30/03/2015,0,DEP.EFECTIVO,0,53,"$5,040.50",,"$171,722.36",10017,
28/03/2015,30/03/2015,0,DEP.EFECTIVO 1209130493,0,1536,$805.00,,"$172,527.36",10018,
28/03/2015,30/03/2015,0,DEP.EFECTIVO,0,1536,"$1,742.00",,"$174,269.36",10019,
28/03/2015,30/03/2015,0,ANUL.DEP.EFECTIVO,501,1536,,"$1,742.00","$172,527.36",10020,
28/03/2015,30/03/2015,0,DEP.EFECTIVO 1209130556,0,1536,"$1,742.00",,"$174,269.36",10021,
28/03/2015,30/03/2015,0,DEP.EFECTIVO 133448053,0,2460,"$4,764.50",,"$179,033.86",10022,
28/03/2015,30/03/2015,0,DEP.EFECTIVO 117513054,0,1566,"$4,233.00",,"$183,266.86",10023,
28/03/2015,30/03/2015,0,DEP.EFECTIVO 111024058,0,1490,"$2,240.00",,"$185,506.86",10024,
30/03/2015,30/03/2015,0,DEP.EFECTIVO 102101063,0,706,"$1,909.00",,"$187,415.86",10025,
30/03/2015,30/03/2015,0,DEP.EFECTIVO 102101055,0,706,"$2,432.00",,"$189,847.86",10026,
30/03/2015,30/03/2015,0,DEP.EFECTIVO 102101071,0,706,$971.00,,"$190,818.86",10027,
30/03/2015,30/03/2015,200,TRASPASO A CUENTA PROPIA,790,8846,,"$190,818.85",$0.01,10028,"IVA:00000000.00 , A LA CUENTA 0136679699, 200 AL R.F.C. FTI9211036K2"
30/03/2015,30/03/2015,0,DEP.EFECTIVO 1114130550,0,1974,"$2,119.10",,"$2,119.11",10029,
30/03/2015,30/03/2015,0,DEP.EFECTIVO 1114130613,0,1974,"$3,504.50",,"$5,623.61",10030,
30/03/2015,30/03/2015,0,DEP.EFECTIVO 1114130773,0,1974,"$3,538.70",,"$9,162.31",10031,
30/03/2015,30/03/2015,0,DEP.EFECTIVO 1114130487,0,1974,"$2,363.50",,"$11,525.81",10032,
30/03/2015,30/03/2015,0,DEP.EFECTIVO 110501057,0,8014,"$3,926.00",,"$15,451.81",10033,
30/03/2015,30/03/2015,0,DEP.EFECTIVO 110501065,0,8014,"$2,753.00",,"$18,204.81",10034,
30/03/2015,30/03/2015,0,DEP.EFECTIVO 110501073,0,8014,$766.00,,"$18,970.81",10035,
30/03/2015,30/03/2015,0,DEP.EFECTIVO 101333063,0,3682,"$2,879.00",,"$21,849.81",10036,
30/03/2015,30/03/2015,0,DEP.EFECTIVO 10133055,0,3682,"$3,911.50",,"$25,761.31",10037,
30/03/2015,30/03/2015,0,DEP.EFECTIVO 101333071,0,3682,"$2,483.60",,"$28,244.91",10038,
30/03/2015,30/03/2015,0,DEP.EFECTIVO 105122048,0,1976,"$1,790.50",,"$30,035.41",10039,
30/03/2015,30/03/2015,0,DEP.EFECTIVO 105120055,0,1976,"$2,631.50",,"$32,666.91",10040,
30/03/2015,30/03/2015,0,DEP.EFECTIVO 105122063,0,1976,"$2,430.50",,"$35,097.41",10041,
30/03/2015,30/03/2015,0,DEP.EFECTIVO 117513062,0,1508,"$5,444.50",,"$40,541.91",10042,
30/03/2015,30/03/2015,0,DEP.EFECTIVO 117513070,0,1508,"$2,606.50",,"$43,148.41",10043,
30/03/2015,30/03/2015,0,DEP.EFECTIVO 1133010519,0,2043,"$3,853.50",,"$47,001.91",10044,
30/03/2015,30/03/2015,0,DEP.EFECTIVO 13807067,0,2605,"$4,564.50",,"$51,566.41",10045,
30/03/2015,30/03/2015,0,DEP.EFECTIVO 1133010679,0,2043,"$3,771.00",,"$55,337.41",10046,
30/03/2015,30/03/2015,0,DEP.EFECTIVO 13807075,0,2605,"$1,347.50",,"$56,684.91",10047,
30/03/2015,30/03/2015,0,DEP.EFECTIVO 1133010742,0,2043,"$2,352.50",,"$59,037.41",10048,
30/03/2015,30/03/2015,0,DEP.EFECTIVO 1282030799,0,3190,"$1,458.50",,"$60,495.91",10049,
30/03/2015,30/03/2015,0,DEP.EFECTIVO 1282030639,0,3190,"$1,013.00",,"$61,508.91",10050,
30/03/2015,30/03/2015,0,DEP.EFECTIVO 1282030576,0,3190,"$1,389.00",,"$62,897.91",10051,
30/03/2015,30/03/2015,0,DEPOSITO DE CUENTA DE TERCEROS,0,4253,"$2,471.00",,"$65,368.91",10052,"DEPOSITO EFECTIVO OFICINA TELECOMM 30035, REFERENCIA CLIENTE 0000000000"
30/03/2015,30/03/2015,0,DEPOSITO DE CUENTA DE TERCEROS,0,4253,"$2,346.00",,"$67,714.91",10053,"DEPOSITO EFECTIVO OFICINA TELECOMM 30035, REFERENCIA CLIENTE 0000000000"
30/03/2015,30/03/2015,0,DEPOSITO DE CUENTA DE TERCEROS,0,4253,$937.00,,"$68,651.91",10054,"DEPOSITO EFECTIVO OFICINA TELECOMM 30035, REFERENCIA CLIENTE 0000000000"
30/03/2015,30/03/2015,0,DEP.EFECTIVO 094301057,0,1938,"$2,377.00",,"$71,028.91",10055,
30/03/2015,30/03/2015,0,DEP.EFECTIVO 094301065,0,1938,"$1,644.50",,"$72,673.41",10056,
30/03/2015,30/03/2015,0,DEP.EFECTIVO 094301073,0,1938,$579.50,,"$73,252.91",10057,
30/03/2015,30/03/2015,0,DEP.EFECTIVO 116501065,0,1424,"$3,142.00",,"$76,394.91",10058,
30/03/2015,30/03/2015,0,DEP.EFECTIVO 116501057,0,1424,"$2,551.50",,"$78,946.41",10059,
30/03/2015,30/03/2015,0,DEP.EFECTIVO 116501073,0,1424,"$1,724.00",,"$80,670.41",10060,
30/03/2015,30/03/2015,0,DEP.EFECTIVO 106414074,0,8014,$970.00,,"$81,640.41",10061,
30/03/2015,30/03/2015,0,DEP.EFECTIVO 106414066,0,8014,"$1,830.00",,"$83,470.41",10062,
30/03/2015,30/03/2015,0,DEP.EFECTIVO 112401073,0,8701,$923.50,,"$84,393.91",10063,
30/03/2015,30/03/2015,0,DEP.EFECTIVO 106414058,0,8014,"$1,340.50",,"$85,734.41",10064,
30/03/2015,30/03/2015,0,DEP.EFECTIVO 112401057,0,8701,"$2,075.50",,"$87,809.91",10065,
30/03/2015,30/03/2015,0,DEP.EFECTIVO 112401065,0,8701,$903.50,,"$88,713.41",10066,
30/03/2015,30/03/2015,0,DEP.EFECTIVO 33402074,0,52,"$3,005.50",,"$91,718.91",10067,
30/03/2015,30/03/2015,0,DEP.EFECTIVO 33402066,0,52,"$4,144.00",,"$95,862.91",10068,
30/03/2015,30/03/2015,0,DEP.EFECTIVO 124601066,0,116,"$2,483.00",,"$98,345.91",10069,
30/03/2015,30/03/2015,0,DEP.EFECTIVO 124601058,0,116,"$3,206.50",,"$101,552.41",10070,
30/03/2015,30/03/2015,0,DEP.EFECTIVO 124601074,0,116,"$1,726.50",,"$103,278.91",10071,
30/03/2015,30/03/2015,0,DEP.EFECTIVO 99213079,0,1508,$426.50,,"$103,705.41",10072,
30/03/2015,30/03/2015,0,DEP.EFECTIVO 99213053,0,1508,"$3,947.30",,"$107,652.71",10073,
30/03/2015,30/03/2015,0,DEP.EFECTIVO 99213061,0,1508,"$3,368.40",,"$111,021.11",10074,
30/03/2015,30/03/2015,0,DEP.EFECTIVO 111501055,0,2290,"$2,911.50",,"$113,932.61",10075,
30/03/2015,30/03/2015,0,DEP.EFECTIVO 111501063,0,2290,"$3,108.60",,"$117,041.21",10076,
30/03/2015,30/03/2015,0,DEP.EFECTIVO 111501071,0,2290,"$2,797.90",,"$119,839.11",10077,
30/03/2015,30/03/2015,0,DEP.EFECTIVO 124301071,0,1474,"$1,986.50",,"$121,825.61",10078,
30/03/2015,30/03/2015,0,DEP.EFECTIVO 124301055,0,1474,"$3,071.00",,"$124,896.61",10079,
30/03/2015,30/03/2015,0,DEP.EFECTIVO 124301063,0,1474,"$1,859.50",,"$126,756.11",10080,
30/03/2015,30/03/2015,0,DEP.EFECTIVO 1090100653,0,8114,"$3,178.50",,"$129,934.61",10081,
30/03/2015,30/03/2015,0,DEP.EFECTIVO 1090100590,0,8114,"$2,506.40",,"$132,441.01",10082,
30/03/2015,30/03/2015,0,DEP.EFECTIVO 1090100716,0,8114,"$1,357.30",,"$133,798.31",10083,
30/03/2015,30/03/2015,0,DEP.EFECTIVO 098301065,0,2314,"$4,041.00",,"$137,839.31",10084,
30/03/2015,30/03/2015,0,DEP.EFECTIVO 098301073,0,2314,"$4,161.50",,"$142,000.81",10085,
30/03/2015,30/03/2015,0,DEP.EFECTIVO 098301057,0,2314,"$3,148.50",,"$145,149.31",10086,
30/03/2015,30/03/2015,0,DEP.EFECTIVO 118701057,0,2314,"$1,990.00",,"$147,139.31",10087,
30/03/2015,30/03/2015,0,DEP.EFECTIVO 118701065,0,2314,"$3,154.50",,"$150,293.81",10088,
30/03/2015,30/03/2015,0,DEP.EFECTIVO 118701073,0,2314,"$2,209.50",,"$152,503.31",10089,
30/03/2015,30/03/2015,0,DEP.EFECTIVO 133448079,0,2460,"$1,359.50",,"$153,862.81",10090,
30/03/2015,30/03/2015,0,DEP.EFECTIVO 92508053,0,3630,"$6,137.00",,"$159,999.81",10091,
30/03/2015,30/03/2015,0,DEP.EFECTIVO 133448061,0,2460,"$2,583.50",,"$162,583.31",10092,
30/03/2015,30/03/2015,0,DEP.EFECTIVO 92508079,0,3630,"$3,247.00",,"$165,830.31",10093,
30/03/2015,30/03/2015,0,DEP.EFECTIVO 103409051,0,7450,"$1,929.00",,"$167,759.31",10094,
30/03/2015,30/03/2015,0,DEP.EFECTIVO 126301057,0,464,"$3,063.50",,"$170,822.81",10095,
30/03/2015,30/03/2015,0,DEP.EFECTIVO 92508061,0,3630,"$3,388.50",,"$174,211.31",10096,
30/03/2015,30/03/2015,0,DEP.EFECTIVO 126301065,0,464,"$2,176.00",,"$176,387.31",10097,
30/03/2015,30/03/2015,0,DEP.EFECTIVO 103409069,0,7450,"$1,527.90",,"$177,915.21",10098,
30/03/2015,30/03/2015,0,DEP.EFECTIVO 126301073,0,464,"$2,561.00",,"$180,476.21",10099,
30/03/2015,30/03/2015,0,DEP.EFECTIVO 117101058,0,1334,"$2,355.50",,"$182,831.71",10100,
30/03/2015,30/03/2015,0,DEP.EFECTIVO 103409077,0,7450,$869.30,,"$183,701.01",10101,
30/03/2015,30/03/2015,0,DEP.EFECTIVO 117101066,0,1334,"$1,161.00",,"$184,862.01",10102,
30/03/2015,30/03/2015,0,DEP.EFECTIVO 117101074,0,1334,$965.00,,"$185,827.01",10103,
30/03/2015,30/03/2015,0,DEP.EFECTIVO 1000300503,0,2552,"$3,097.00",,"$188,924.01",10104,
30/03/2015,30/03/2015,0,DEP.EFECTIVO 1000300663,0,2552,"$2,706.50",,"$191,630.51",10105,
30/03/2015,30/03/2015,0,DEP.EFECTIVO 1000300726,0,2552,"$1,629.50",,"$193,260.01",10106,
30/03/2015,30/03/2015,0,DEP.EFECTIVO 133201056,0,2183,"$1,483.00",,"$194,743.01",10107,
30/03/2015,30/03/2015,0,DEP.EFECTIVO 117901069,0,2067,"$2,035.00",,"$196,778.01",10108,
30/03/2015,30/03/2015,0,DEP.EFECTIVO 119301073,0,1508,"$1,046.50",,"$197,824.51",10109,
30/03/2015,30/03/2015,0,DEP.EFECTIVO 34602060,0,52,"$1,905.00",,"$199,729.51",10110,
30/03/2015,30/03/2015,0,DEP.EFECTIVO 133201064,0,2183,"$1,346.00",,"$201,075.51",10111,
30/03/2015,30/03/2015,0,DEP.EFECTIVO 34602052,0,52,"$1,758.30",,"$202,833.81",10112,
30/03/2015,30/03/2015,0,DEP.EFECTIVO 117901051,0,2067,"$1,662.00",,"$204,495.81",10113,
30/03/2015,30/03/2015,0,DEP.EFECTIVO 133201072,0,2183,$332.00,,"$204,827.81",10114,
30/03/2015,30/03/2015,0,DEP.EFECTIVO 119301065,0,1508,"$1,102.00",,"$205,929.81",10115,
30/03/2015,30/03/2015,0,DEP.EFECTIVO 34602078,0,52,$540.50,,"$206,470.31",10116,
30/03/2015,30/03/2015,0,DEP.EFECTIVO 119301057,0,1508,"$2,546.20",,"$209,016.51",10117,
30/03/2015,30/03/2015,0,DEP.EFECTIVO 117901077,0,2067,"$3,091.00",,"$212,107.51",10118,
30/03/2015,30/03/2015,0,DEP.EFECTIVO 107701073,0,2113,"$2,133.00",,"$214,240.51",10119,
30/03/2015,30/03/2015,0,DEP.EFECTIVO 107701065,0,2113,"$2,078.50",,"$216,319.01",10120,
30/03/2015,30/03/2015,0,DEP.EFECTIVO 107701057,0,2113,"$1,264.00",,"$217,583.01",10121,
30/03/2015,30/03/2015,0,DEP.EFECTIVO 120501065,0,2382,"$3,369.00",,"$220,952.01",10122,
30/03/2015,30/03/2015,0,DEP.EFECTIVO 12050157,0,2382,"$2,830.00",,"$223,782.01",10123,
30/03/2015,30/03/2015,0,DEP.EFECTIVO 120501073,0,2382,"$1,352.50",,"$225,134.51",10124,
30/03/2015,30/03/2015,0,DEP.EFECTIVO 041201073,0,2325,"$1,625.50",,"$226,760.01",10125,
30/03/2015,30/03/2015,0,DEP.EFECTIVO 041201057,0,2325,"$3,436.50",,"$230,196.51",10126,
30/03/2015,30/03/2015,0,DEP.EFECTIVO 131801071,0,2102,"$2,753.00",,"$232,949.51",10127,
30/03/2015,30/03/2015,0,DEP.EFECTIVO 141001050,0,2009,"$1,955.50",,"$234,905.01",10128,
30/03/2015,30/03/2015,0,DEP.EFECTIVO 131801055,0,2102,"$5,633.00",,"$240,538.01",10129,
30/03/2015,30/03/2015,0,DEP.EFECTIVO 041201065,0,2325,"$2,086.00",,"$242,624.01",10130,
30/03/2015,30/03/2015,0,DEP.EFECTIVO 141001076,0,2009,"$1,000.00",,"$243,624.01",10131,
30/03/2015,30/03/2015,0,DEP.EFECTIVO 131801063,0,2102,"$3,942.60",,"$247,566.61",10132,
30/03/2015,30/03/2015,0,DEP.EFECTIVO 141001068,0,2009,"$1,604.50",,"$249,171.11",10133,
30/03/2015,30/03/2015,0,ANUL.DEP.EFECTIVO 12050,501,2382,,"$2,830.00","$246,341.11",10134,
30/03/2015,30/03/2015,0,DEP.EFECTIVO 120501057,0,2382,"$2,830.00",,"$249,171.11",10135,
30/03/2015,30/03/2015,0,DEP.EFECTIVO 122201013,0,2069,"$3,717.00",,"$252,888.11",10136,
30/03/2015,30/03/2015,0,DEP.EFECTIVO 122201017,0,2069,"$2,040.00",,"$254,928.11",10137,
30/03/2015,30/03/2015,0,DEP.EFECTIVO 122201015,0,2069,"$2,535.50",,"$257,463.61",10138,
30/03/2015,30/03/2015,0,DEP.EFECTIVO 13160105,0,117,"$2,520.50",,"$259,984.11",10139,
30/03/2015,30/03/2015,0,DEP.EFECTIVO 13160106,0,117,"$3,320.50",,"$263,304.61",10140,
30/03/2015,30/03/2015,0,DEP.EFECTIVO 13160107,0,117,"$2,550.00",,"$265,854.61",10141,
30/03/2015,30/03/2015,0,DEP.EFECTIVO 121701059,0,831,"$1,150.70",,"$267,005.31",10142,
30/03/2015,30/03/2015,0,DEP.EFECTIVO 121701067,0,831,"$1,244.00",,"$268,249.31",10143,
30/03/2015,30/03/2015,0,DEP.EFECTIVO 121701075,0,831,"$1,057.00",,"$269,306.31",10144,
30/03/2015,30/03/2015,0,DEP.EFECTIVO 91402068,0,727,"$2,014.00",,"$271,320.31",10145,
30/03/2015,30/03/2015,0,DEP.EFECTIVO 91402050,0,727,"$1,535.60",,"$272,855.91",10146,
30/03/2015,30/03/2015,0,DEP.EFECTIVO 96901072,0,2043,"$2,512.50",,"$275,368.41",10147,
30/03/2015,30/03/2015,0,DEP.EFECTIVO 91402076,0,727,"$1,028.60",,"$276,397.01",10148,
30/03/2015,30/03/2015,0,DEP.EFECTIVO 104727078,0,3705,$718.50,,"$277,115.51",10149,
30/03/2015,30/03/2015,0,DEP.EFECTIVO 96901064,0,2043,"$3,040.00",,"$280,155.51",10150,
30/03/2015,30/03/2015,0,DEP.EFECTIVO,0,1490,"$4,071.50",,"$284,227.01",10151,
30/03/2015,30/03/2015,0,DEP.EFECTIVO 1145300744,0,2552,"$1,739.00",,"$285,966.01",10152,
30/03/2015,30/03/2015,0,DEP.EFECTIVO 104727060,0,3705,"$2,760.50",,"$288,726.51",10153,
30/03/2015,30/03/2015,0,DEP.EFECTIVO 96901056,0,2043,"$2,042.00",,"$290,768.51",10154,
30/03/2015,30/03/2015,0,DEP.EFECTIVO 96824068,0,1490,"$2,919.50",,"$293,688.01",10155,
30/03/2015,30/03/2015,0,DEP.EFECTIVO 1145300521,0,2552,"$2,499.00",,"$296,187.01",10156,
30/03/2015,30/03/2015,0,DEP.EFECTIVO 104727052,0,3705,"$1,403.50",,"$297,590.51",10157,
30/03/2015,30/03/2015,0,DEP.EFECTIVO 1145300681,0,2552,"$2,410.00",,"$300,000.51",10158,
30/03/2015,30/03/2015,0,DEP.EFECTIVO 96824076,0,1490,"$2,194.00",,"$302,194.51",10159,
30/03/2015,30/03/2015,0,ANUL.DEP.EFECTIVO,501,1490,,"$4,071.50","$298,123.01",10160,
30/03/2015,30/03/2015,0,DEP.EFECTIVO 96824050,0,1490,"$4,071.50",,"$302,194.51",10161,
30/03/2015,30/03/2015,0,DEP.EFECTIVO 119613050,0,7726,"$1,353.50",,"$303,548.01",10162,
30/03/2015,30/03/2015,0,DEP.EFECTIVO,0,7726,"$1,055.55",,"$304,603.56",10163,
30/03/2015,30/03/2015,0,ANUL.DEP.EFECTIVO,501,7726,,"$1,055.55","$303,548.01",10164,
30/03/2015,30/03/2015,0,DEP.EFECTIVO 131013073,0,1508,"$1,336.00",,"$304,884.01",10165,
30/03/2015,30/03/2015,0,DEP.EFECTIVO 119613068,0,7726,"$1,055.55",,"$305,939.56",10166,
30/03/2015,30/03/2015,0,DEP.EFECTIVO 131013057,0,1508,"$2,314.50",,"$308,254.06",10167,
30/03/2015,30/03/2015,0,DEP.EFECTIVO 111024066,0,1490,"$3,742.50",,"$311,996.56",10168,
30/03/2015,30/03/2015,0,DEP.EFECTIVO 131013065,0,1508,"$2,661.50",,"$314,658.06",10169,
30/03/2015,30/03/2015,0,DEP.EFECTIVO,0,1490,"$1,328.50",,"$315,986.56",10170,
30/03/2015,30/03/2015,0,ANUL.DEP.EFECTIVO,501,1490,,"$1,328.50","$314,658.06",10171,
30/03/2015,30/03/2015,0,DEP.EFECTIVO 111024074,0,1490,"$1,328.50",,"$315,986.56",10172,
30/03/2015,30/03/2015,0,DEP.EFECTIVO 093001057,0,691,"$1,927.50",,"$317,914.06",10173,
30/03/2015,30/03/2015,0,DEP.EFECTIVO 119101057,0,2126,"$1,221.00",,"$319,135.06",10174,
30/03/2015,30/03/2015,0,DEP.EFECTIVO 093001065,0,691,"$3,489.50",,"$322,624.56",10175,
30/03/2015,30/03/2015,0,DEP.EFECTIVO 141601073,0,1938,"$1,284.00",,"$323,908.56",10176,
30/03/2015,30/03/2015,0,DEP.EFECTIVO 119101065,0,2126,"$2,184.50",,"$326,093.06",10177,
30/03/2015,30/03/2015,0,DEP.EFECTIVO 093001049,0,691,"$2,530.50",,"$328,623.56",10178,
30/03/2015,30/03/2015,0,DEP.EFECTIVO 119101073,0,2126,"$1,329.50",,"$329,953.06",10179,
30/03/2015,30/03/2015,0,DEP.EFECTIVO 141601057,0,1938,"$1,236.50",,"$331,189.56",10180,
30/03/2015,30/03/2015,0,DEP.EFECTIVO 093001073,0,691,"$3,162.00",,"$334,351.56",10181,
30/03/2015,30/03/2015,0,DEP.EFECTIVO 141601065,0,1938,"$1,498.00",,"$335,849.56",10182,
30/03/2015,30/03/2015,0,DEP.EFECTIVO 108204069,0,188,"$2,620.25",,"$338,469.81",10183,
30/03/2015,30/03/2015,0,DEP.EFECTIVO,0,188,"$1,748.00",,"$340,217.81",10184,
30/03/2015,30/03/2015,0,ANUL.DEP.EFECTIVO,501,188,,"$1,748.00","$338,469.81",10185,
30/03/2015,30/03/2015,0,DEP.EFECTIVO 113201076,0,2331,"$2,765.00",,"$341,234.81",10186,
30/03/2015,30/03/2015,0,DEP.EFECTIVO 108204077,0,188,"$1,748.00",,"$342,982.81",10187,
30/03/2015,30/03/2015,0,DEP.EFECTIVO,0,1508,$882.50,,"$343,865.31",10188,
30/03/2015,30/03/2015,0,ANUL.DEP.EFECTIVO,501,1508,,$882.50,"$342,982.81",10189,
30/03/2015,30/03/2015,0,DEP.EFECTIVO 113201050,0,2331,"$2,996.50",,"$345,979.31",10190,
30/03/2015,30/03/2015,0,DEP.EFECTIVO 123601075,0,2306,$478.00,,"$346,457.31",10191,
30/03/2015,30/03/2015,0,DEP.EFECTIVO 1209130779,0,1508,$882.50,,"$347,339.81",10192,
30/03/2015,30/03/2015,0,DEP.EFECTIVO 113201068,0,2331,"$1,958.50",,"$349,298.31",10193,
30/03/2015,30/03/2015,0,DEP.EFECTIVO 123601059,0,2306,$478.00,,"$349,776.31",10194,
30/03/2015,30/03/2015,0,DEP.EFECTIVO 124901052,0,2104,"$3,915.50",,"$353,691.81",10195,
30/03/2015,30/03/2015,0,DEP.EFECTIVO 1209130619,0,1508,"$1,161.00",,"$354,852.81",10196,
30/03/2015,30/03/2015,0,DEP.EFECTIVO 123601067,0,2306,"$1,338.00",,"$356,190.81",10197,
30/03/2015,30/03/2015,0,DEP.EFECTIVO 124901060,0,2104,"$3,197.00",,"$359,387.81",10198,
30/03/2015,30/03/2015,0,DEP.EFECTIVO 105122071,0,1976,"$1,691.00",,"$361,078.81",10199,
30/03/2015,30/03/2015,0,DEP.EFECTIVO 123601075,0,2306,$370.50,,"$361,449.31",10200,
30/03/2015,30/03/2015,0,DEP.EFECTIVO 91402068,0,727,$100.00,,"$361,549.31",10201,
30/03/2015,30/03/2015,0,DEP.EFECTIVO 124901078,0,2104,"$2,345.50",,"$363,894.81",10202,
30/03/2015,30/03/2015,0,DEP.EFECTIVO 123501051,0,2104,"$1,726.00",,"$365,620.81",10203,
30/03/2015,30/03/2015,0,DEP.EFECTIVO 123501069,0,2104,"$1,853.00",,"$367,473.81",10204,
30/03/2015,30/03/2015,0,DEP.EFECTIVO 121201050,0,275,"$1,327.00",,"$368,800.81",10205,
30/03/2015,30/03/2015,0,DEP.EFECTIVO 123501077,0,2104,"$2,193.00",,"$370,993.81",10206,
30/03/2015,30/03/2015,0,DEP.EFECTIVO 121201068,0,275,"$1,625.50",,"$372,619.31",10207,
30/03/2015,30/03/2015,0,DEP.EFECTIVO 121201076,0,275,$997.00,,"$373,616.31",10208,
30/03/2015,30/03/2015,0,DEP.EFECTIVO 108301065,0,3682,"$2,076.00",,"$375,692.31",10209,
30/03/2015,30/03/2015,0,DEP.EFECTIVO 108301073,0,3682,"$1,577.30",,"$377,269.61",10210,
30/03/2015,30/03/2015,0,DEP.EFECTIVO 150401065,0,2043,"$3,209.00",,"$380,478.61",10211,
30/03/2015,30/03/2015,0,DEP.EFECTIVO 108301057,0,3682,"$3,165.30",,"$383,643.91",10212,
30/03/2015,30/03/2015,0,DEP.EFECTIVO 150401073,0,2043,"$1,113.50",,"$384,757.41",10213,
30/03/2015,30/03/2015,0,DEP.EFECTIVO 129201017,0,295,"$1,365.00",,"$386,122.41",10214,
30/03/2015,30/03/2015,0,DEP.EFECTIVO 104901056,0,2092,"$2,441.50",,"$388,563.91",10215,
30/03/2015,30/03/2015,0,DEP.EFECTIVO 102210062,0,8114,"$2,598.50",,"$391,162.41",10216,
30/03/2015,30/03/2015,0,DEP.EFECTIVO 150401057,0,2043,"$3,002.00",,"$394,164.41",10217,
30/03/2015,30/03/2015,0,DEP.EFECTIVO 104901064,0,2092,"$3,145.00",,"$397,309.41",10218,
30/03/2015,30/03/2015,0,DEP.EFECTIVO 102210054,0,8114,"$1,752.50",,"$399,061.91",10219,
30/03/2015,30/03/2015,0,DEP.EFECTIVO 129201015,0,295,"$1,516.00",,"$400,577.91",10220,
30/03/2015,30/03/2015,0,DEP.EFECTIVO 104901072,0,2092,"$1,139.00",,"$401,716.91",10221,
30/03/2015,30/03/2015,0,DEP.EFECTIVO 102210070,0,8114,$602.00,,"$402,318.91",10222,
30/03/2015,30/03/2015,0,DEP.EFECTIVO 129201013,0,295,"$2,032.00",,"$404,350.91",10223,
30/03/2015,30/03/2015,0,DEP.EFECTIVO 102914069,0,8015,"$1,897.50",,"$406,248.41",10224,
30/03/2015,30/03/2015,0,DEP.EFECTIVO 102914051,0,8015,"$2,134.00",,"$408,382.41",10225,
30/03/2015,30/03/2015,0,DEP.EFECTIVO 102914077,0,8015,"$1,406.50",,"$409,788.91",10226,
30/03/2015,30/03/2015,0,DEP.EFECTIVO 12201057,0,2325,"$1,350.50",,"$411,139.41",10227,
30/03/2015,30/03/2015,0,DEP.EFECTIVO 122701065,0,2325,"$1,255.50",,"$412,394.91",10228,
30/03/2015,30/03/2015,0,DEP.EFECTIVO 122701073,0,2325,"$1,465.50",,"$413,860.41",10229,
30/03/2015,30/03/2015,0,DEP.EFECTIVO 095401073,0,295,"$1,473.00",,"$415,333.41",10230,
30/03/2015,30/03/2015,0,DEP.EFECTIVO 095401065,0,295,"$3,128.50",,"$418,461.91",10231,
30/03/2015,30/03/2015,0,DEP.EFECTIVO 95401057,0,295,"$1,563.00",,"$420,024.91",10232,
30/03/2015,30/03/2015,0,DEP.EFECTIVO 099101015,0,1934,"$3,828.50",,"$423,853.41",10233,
30/03/2015,30/03/2015,0,DEP.EFECTIVO 099101017,0,1934,"$3,453.00",,"$427,306.41",10234,
30/03/2015,30/03/2015,0,DEP.EFECTIVO 099101013,0,1934,"$1,012.00",,"$428,318.41",10235,
30/03/2015,30/03/2015,0,DEP.EFECTIVO 121801057,0,2547,"$1,123.50",,"$429,441.91",10236,
30/03/2015,30/03/2015,0,DEP.EFECTIVO 121801065,0,2547,"$1,169.50",,"$430,611.41",10237,
30/03/2015,30/03/2015,0,DEP.EFECTIVO 121801073,0,2547,$488.50,,"$431,099.91",10238,
30/03/2015,30/03/2015,0,DEP.EFECTIVO 137601013,0,1470,"$3,051.50",,"$434,151.41",10239,
30/03/2015,30/03/2015,0,DEP.EFECTIVO 137601017,0,1470,"$2,413.00",,"$436,564.41",10240,
30/03/2015,30/03/2015,0,DEP.EFECTIVO 133301054,0,274,"$1,632.00",,"$438,196.41",10241,
30/03/2015,30/03/2015,0,DEP.EFECTIVO 137601015,0,1470,"$1,603.50",,"$439,799.91",10242,
30/03/2015,30/03/2015,0,DEP.EFECTIVO 133301070,0,274,"$1,733.00",,"$441,532.91",10243,
30/03/2015,30/03/2015,0,DEP.EFECTIVO 133301062,0,274,"$2,076.50",,"$443,609.41",10244,
30/03/2015,30/03/2015,0,DEP.EFECTIVO 117001076,0,274,$477.50,,"$444,086.91",10245,
30/03/2015,30/03/2015,0,DEP.EFECTIVO 117001068,0,274,"$1,834.00",,"$445,920.91",10246,
30/03/2015,30/03/2015,0,DEP.EFECTIVO 117001050,0,274,"$1,215.00",,"$447,135.91",10247,
30/03/2015,30/03/2015,0,DEP.EFECTIVO 137001056,0,2049,$801.50,,"$447,937.41",10248,
30/03/2015,30/03/2015,0,DEP.EFECTIVO 137001064,0,2049,"$1,162.00",,"$449,099.41",10249,
30/03/2015,30/03/2015,0,DEP.EFECTIVO 137001072,0,2049,$611.50,,"$449,710.91",10250,
30/03/2015,30/03/2015,0,DEP.EFECTIVO 98001046,0,2096,"$2,283.50",,"$451,994.41",10251,
30/03/2015,30/03/2015,0,DEP.EFECTIVO 98001061,0,2096,"$3,223.00",,"$455,217.41",10252,
30/03/2015,30/03/2015,0,DEP.EFECTIVO 98001079,0,2096,"$1,408.00",,"$456,625.41",10253,
30/03/2015,30/03/2015,0,DEP.EFECTIVO 98001053,0,2096,"$3,309.50",,"$459,934.91",10254,
30/03/2015,30/03/2015,0,ANUL.DEP.EFECTIVO 10512,501,1976,,"$2,631.50","$457,303.41",10255,
30/03/2015,30/03/2015,0,DEP.EFECTIVO 105122055,0,1976,"$2,631.50",,"$459,934.91",10256,
31/03/2015,31/03/2015,0,DEP.EFECTIVO 102101014,0,706,"$2,504.50",,"$462,439.41",10257,
,,,,,Operaciones:,2364,70,,,
,,,,,Total:,"$5,500,790.62","$5,215,863.07",,,
